2668 4626
311 248 413 300 ruat.
441 233 505 301 111.
532 249 872 304 roarsrfflucra·
1046 237 1120 310 123

358 675 420 755 67.
456 679 494 747 P.
516 681 827 754 CARBONATOR.

262 903 409 972 redum
431 903 545 985 rust„
568 905 660 974 tius.
677 884 816 997 posue.
834 908 905 976 stu
922 907 1004 976 eiua
1026 910 1119 1000 spus

262 1017 300 1072 et
315 1017 394 1072 ante
411 1008 509 1075 basin
524 1008 635 1077 fuscia
662 1033 705 1076 m.
719 1008 744 1076 l.
787 1012 890 1097 (fena
909 1011 1023 1080 aculeo
1038 1013 1120 1080 bre-

260 1108 429 1195 sissimo).

133 1369 295 1469 θοι-μω
304 1366 418 1442 maris
433 1369 609 1468 gracilius
625 1395 737 1472 qaam
751 1367 926 1448 feminae.

135 1483 365 1585 longitudo
403 1483 470 1585 2²).
509 1488 709 1578 linearum
755 1490 893 1567 femina
933 1489 1122 1568 interdum

70 1605 174 1706 paulo
187 1609 292 1680 ultra
308 1613 333 1681 3
347 1603 467 1679 lineas
483 1605 606 1706 longa.
660 1613 790 1714 Caput
809 1613 933 1716 palpis
953 1611 1119 1714 pallidis.

67 1729 268 1804 Antermoe
296 1723 496 1799 fililormes
527 1743 740 1827 porrectae,
773 1731 931 1808 dimidio
964 1755 1123 1832 corpore

68 1847 267 1948 longiores.
302 1843 471 1920 Thorax
484 1845 629 1945 gibbus.
663 1853 767 1929 Aloe
778 1853 986 1929 mediocres
999 1849 1123 1953 hyali·

67 1991 140 2053 nac,
168 1965 348 2066 stigmate
365 1979 404 2040 ct
418 1965 523 2040 radio
536 1966 904 2068 piceo-stramineis,
928 1971 1123 2072 squamula

66 2101 103 2159 et
125 2085 257 2159 radice
286 2084 351 2160 vel
375 2084 475 2158 sicut
507 2085 639 2187 stigma
667 2090 845 2166 coloratis
878 2090 940 2166 vel
973 2089 1120 2165 albidis.

67 2203 185 2282 Pedes
209 2201 422 2280 mediocres
444 2203 671 2307 subgraciles
692 2209 806 2300 fulvi3
834 2210 1040 2288 anteriores
1067 2209 1123 2286 se·

67 2324 187 2399 minae
215 2321 321 2398 coxis
350 2322 431 2398 basi
463 2323 596 2426 nigris,
631 2329 725 2404 mari
757 2329 1060 2406 trochanteribus
1084 2342 1124 2404 et

67 2471 243 2520 coxarum
262 2443 384 2519 latere
401 2440 523 2519 infero
544 2445 697 2536 albidis,
723 2449 861 2552 postici
881 2449 991 2525 tarsis
1010 2447 1123 2523 tibia-

67 2589 224 2666 rumque
239 2562 347 2664 apice
359 2577 399 2638 et
412 2563 551 2638 annulo
564 2581 653 2641 ante
664 2566 773 2644 basin
785 2567 918 2660 ruscis,
945 2568 1026 2644 basi
1042 2567 1123 2670 ipsa

68 2685 207 2773 albida,
234 2683 398 2759 feminae
424 2683 543 2759 rarius
562 2684 669 2762 tibiis
691 2703 901 2764 extrorsum
920 2688 1029 2780 totis,
1057 2715 1123 2764 ex-

67 2819 172 2908 cepta
194 2802 276 2878 basi
290 2802 391 2892 alba,
418 2801 552 2894 luscis,
578 2805 881 2886 trochanteribus
901 2809 1014 2884 maris
1029 2807 1125 2883 albi-

68 2927 138 3014 dis;
163 2923 355 3000 interdum
377 2947 528 3026 quoque
543 2925 648 3000 tibiis
662 2929 814 3020 mediis,
841 2929 904 3006 vel
926 2930 1040 3004 etiam
1059 2955 1124 3001 an-

69 3045 167 3134 ticis,
195 3041 307 3145 apice
325 3059 365 3119 et
386 3057 472 3118 ante
484 3042 593 3118 basin
607 3047 737 3123 colore
750 3048 986 3125 luscescente
1001 3045 1125 3122 imbu-

70 3165 124 3241 tis.
167 3162 375 3244 Abdomen
390 3162 524 3266 capitis
535 3163 777 3270 thoracisque
790 3167 1038 3268 longitudine,
1061 3167 1124 3242 vel

69 3284 261 3388 paululum
287 3282 454 3384 longius,
482 3283 684 3362 latitudine
709 3283 891 3378 thoracis,
920 3288 981 3364 vel
1008 3288 1124 3390 paulo

71 3405 184 3494 latius,
199 3403 547 3492 conveniusculum,
562 3403 724 3480 feminae
738 3431 758 3479 a
771 3421 963 3506 segmento
977 3423 1122 3510 quart0,

73 3523 167 3600 basin
185 3549 336 3610 versus,
365 3521 502 3598 sensim
522 3539 779 3624 angustatum,
804 3525 898 3598 mari
921 3527 1124 3628 segmentis

73 3648 175 3723 2-5
197 3641 419 3746 aequilatis3
445 3643 675 3744 marginibus
700 3657 977 3746 segmentorum
1000 3644 1125 3722 eleva-

74 3762 114 3836 tis
133 3762 395 3850 nitidioribus3
424 3779 616 3864 segmento
639 3762 764 3858 primo
789 3763 1122 3841 subcanaliculato.

73 3883 228 3960 Aculeus
247 3881 492 3984 longitudine
513 3899 640 3958 sextae
659 3897 726 3958 aut
743 3897 898 3958 octavae
917 3883 1036 3986 partis
1060 3884 1125 3958 ab·

75 3999 230 4096 dominis,
258 3999 410 4106 vaginis
426 4001 540 4104 nigris
555 4002 754 4106 pilosellis,
781 4004 929 4080 terebra
943 4018 1124 4080 castanea.
