2770 4630
301 198 398 250 nnn.
427 184 460 264 Ι,
489 197 603 250 sacr.
633 201 681 250 ru.
712 198 990 253 cauroenax.
1096 186 1172 260 605

329 370 444 452 1779,
472 387 510 466 p.
526 369 601 442 281
624 361 880 464 (longitudine
894 357 958 470 37,
977 363 1172 462 linearum,

325 482 497 559 antennis
521 481 650 558 subtus
675 483 964 586 sordideflavis).

112 603 221 682 Ichn.
245 609 392 680 mixtus
413 599 576 676 Schrank
592 601 721 692 Boion,
749 631 784 679 n.
800 612 901 682 2089
924 603 1049 703 (haud
1062 607 1171 686 Ichn.

325 730 475 800 mixtus
497 722 623 798 Gmel.
647 751 682 795 n.
703 727 796 811 364,
823 721 920 798 facie
943 741 981 800 et
995 741 1173 802 antenna-

324 869 407 918 rum
422 839 501 915 basi
515 840 639 931 flavis,
667 857 739 917 etc.
759 841 994 945 distinctus).

112 964 221 1044 Ichn.
243 988 480 1065 compressus
504 960 637 1036 Sulzer
667 959 806 1036 Gesch.
835 987 873 1064 p.
896 971 984 1054 190,
1011 963 1088 1041 tab.
1109 974 1171 1056 26,

323 1083 384 1183 fig.
405 1084 469 1172 15,
496 1078 643 1155 habitat
664 1080 705 1154 in
724 1081 899 1158 Helvetia
920 1081 987 1182 (ad
1007 1099 1174 1160 nostram

324 1203 544 1278 varietatem
562 1210 588 1278 2
609 1203 786 1302 spectat).

162 1379 188 1414 „
241 1320 371 1398 Christ
392 1348 476 1424 pag.
492 1329 584 1410 369,
610 1321 685 1396 tab.
709 1330 776 1411 89,
803 1321 865 1424 fig.
888 1329 914 1400 2
937 1319 1042 1422 (cum
1064 1321 1173 1402 icone

324 1441 574 1540 Sulzeriana).
988 1469 991 1478 ⁴

110 1562 222 1642 chu.
243 1578 423 1640 narratus
442 1559 607 1637 Schrank
627 1561 750 1634 Auser.
774 1588 810 1636 ιι.
826 1568 900 1642 729
923 1558 990 1661 (ad
1009 1575 1174 1640 nostram

327 1681 544 1759 varietatem
566 1685 591 1758 4
612 1679 800 1781 quadrat).

164 1857 188 1895 ,‚
242 1801 399 1878 Gmelin
413 1803 471 1877 ed.
489 1801 599 1876 Linn.
623 1824 659 1901 p.
675 1807 793 1890 2697,
821 1828 857 1875 ιι.
877 1785 961 1878 166.

163 1978 188 2014 ,,
240 1921 384 1998 Villers
399 1949 436 2026 p.
456 1932 546 2008 182,
574 1925 720 2010 n.143;
747 1918 788 1994 in
801 1919 930 1996 Gallia
952 1920 1120 1998 australi.

163 2097 187 2132 ‚‚
243 2039 391 2132 Olivier
403 2067 439 2145 p.
454 2052 548 2129 221,
577 2065 611 2114 n.
631 2047 693 2117 90.

111 2159 222 2238 lehn.
246 2179 438 2238 mercator
456 2160 566 2236 Fabr.
591 2159 678 2233 Ent.
701 2185 738 2261 p.
756 2165 847 2248 176,
875 2186 912 2235 ιι.
930 2168 1016 2239 177.

110 2281 270 2384 Ophion
284 2297 477 2358 mercator
489 2277 599 2354 Fabr.
615 2278 715 2354 Piez.
732 2305 769 2382 p.
788 2286 879 2370 159,
906 2307 943 2356 n.
959 2286 1022 2358 42.

162 2455 186 2491 ,,
240 2401 495 2478 Wulclienaer
520 2425 558 2502 p.
580 2402 649 2487 74,
675 2425 711 2472 n.
732 2407 756 2478 9
788 2397 878 2496 (ubi
908 2413 1036 2476 tamen
1062 2400 1176 2476 verba

326 2518 510 2610 Fabricii,
542 2533 736 2617 segmento
761 2525 877 2595 tertio
904 2534 988 2595 toto
1016 2533 1176 2621 quarto-

327 2667 401 2744 que
424 2637 510 2716 husi
529 2637 673 2733 flavis,
698 2665 814 2742 prave
836 2639 976 2728 verbis,
1004 2635 1094 2716 base
1121 2635 1176 2714 du

327 2759 519 2837 troisie’me
530 2775 569 2835 et
583 2759 637 2837 du
651 2759 864 2863 quatrie'me
870 2760 1029 2863 jannes,
1054 2773 1178 2833 trans-

327 2881 403 2954 lata
428 2879 549 2978 sunt.)

113 2995 290 3073 Geoffroi
304 2997 409 3073 lehn.
428 3026 463 3072 n.
481 3004 548 3086 24,
576 3025 613 3100 p.
631 3009 719 3079 832.

112 3119 267 3220 Degeer
292 3120 329 3209 I,
363 3119 438 3192 tab.
463 3125 504 3207 6,
538 3117 600 3219 fig.
626 3127 670 3197 11
693 3135 732 3193 et
755 3126 817 3206 12,
843 3143 927 3220 pag.
951 3123 1001 3196 74
1024 3134 1064 3193 et
1083 3121 1176 3206 57a;

326 3236 470 3340 prodiit
503 3263 525 3312 e
556 3263 659 3341 pupa
698 3237 810 3316 Paul.
851 3237 983 3316 Bomb.
1020 3239 1177 3329 Ziczac,

326 3356 438 3432 initio
464 3355 573 3460 Maji.

368 3578 505 3654 Nota:

192 3710 469 3788 Ichneumones
493 3713 682 3790 Geoffroii
704 3729 743 3790 at
762 3712 927 3814 Degeeri
953 3713 1103 3816 allegati
1131 3713 1178 3788 ab

113 3833 202 3910 aliis
214 3833 434 3907 auctoribus
452 3834 498 3907 ad
513 3833 677 3936 speciem
693 3833 953 3936 insequentem
968 3835 1178 3922 laudantur,

114 3954 178 4029 cui
192 3969 319 4029 autem
336 3952 460 4028 minus
473 3951 713 4056 respondent.
1138 3969 1141 3974 ·
