<?xml version="1.0" encoding="UTF-8"?>
<!DOCTYPE html PUBLIC "-//W3C//DTD XHTML 1.0 Transitional//EN"
    "http://www.w3.org/TR/xhtml1/DTD/xhtml1-transitional.dtd">
<html xmlns="http://www.w3.org/1999/xhtml" xml:lang="en" lang="en">
 <head>
  <title>
</title>
<meta http-equiv="Content-Type" content="text/html;charset=utf-8" />
  <meta name='ocr-system' content='tesseract 3.04.00' />
  <meta name='ocr-capabilities' content='ocr_page ocr_carea ocr_par ocr_line ocrx_word'/>
</head>
<body>
  <div class='ocr_page' id='page_1' title='image "./ichneumonologia00cgrgoog_0416.png"; bbox 0 0 2736 4630; ppageno 0'>
   <div class='ocr_carea' id='block_1_1' title="bbox 247 203 1002 278">
    <p class='ocr_par' dir='ltr' id='par_1_1' title="bbox 247 203 1002 278">
     <span class='ocr_line' id='line_1_1' title="bbox 247 203 1002 278; baseline 0.009 -11"><span class='ocrx_word' id='word_1_1' title='bbox 247 203 321 278; x_wconf 72' lang='lat'>428</span> <span class='ocrx_word' id='word_1_2' title='bbox 545 263 548 272; x_wconf 81' lang='grc'>,</span> <span class='ocrx_word' id='word_1_3' title='bbox 672 219 871 274; x_wconf 62' lang='grc' dir='ltr'>ΒΑΝοιιυε</span> <span class='ocrx_word' id='word_1_4' title='bbox 998 264 1002 274; x_wconf 92' lang='grc'><em>,</em></span> 
     </span>
    </p>
   </div>
   <div class='ocr_carea' id='block_1_2' title="bbox 233 381 1304 3008">
    <p class='ocr_par' dir='ltr' id='par_1_2' title="bbox 233 381 1304 3008">
     <span class='ocr_line' id='line_1_2' title="bbox 244 381 1303 488; baseline 0.007 -29"><span class='ocrx_word' id='word_1_5' title='bbox 244 381 482 486; x_wconf 83' lang='lat' dir='ltr'>longitndine</span> <span class='ocrx_word' id='word_1_6' title='bbox 496 382 683 487; x_wconf 85' lang='lat' dir='ltr'>corporis,</span> <span class='ocrx_word' id='word_1_7' title='bbox 709 397 925 486; x_wconf 82' lang='lat' dir='ltr'>porrectae,</span> <span class='ocrx_word' id='word_1_8' title='bbox 950 383 1138 463; x_wconf 72' lang='lat' dir='ltr'>interdum</span> <span class='ocrx_word' id='word_1_9' title='bbox 1152 383 1303 488; x_wconf 78' lang='lat' dir='ltr'>apicem</span> 
     </span>
     <span class='ocr_line' id='line_1_3' title="bbox 244 501 1303 606; baseline 0.001 -25"><span class='ocrx_word' id='word_1_10' title='bbox 244 531 374 582; x_wconf 77' lang='lat' dir='ltr'>rursus</span> <span class='ocrx_word' id='word_1_11' title='bbox 401 503 654 606; x_wconf 62' lang='lat' dir='ltr'>ferrugineam</span> <span class='ocrx_word' id='word_1_12' title='bbox 685 501 848 582; x_wconf 80' lang='lat' dir='ltr'>luminae</span> <span class='ocrx_word' id='word_1_13' title='bbox 880 501 1155 605; x_wconf 86' lang='lat' dir='ltr'>utplurimum</span> <span class='ocrx_word' id='word_1_14' title='bbox 1181 505 1303 606; x_wconf 72' lang='lat' dir='ltr'>paulo</span> 
     </span>
     <span class='ocr_line' id='line_1_4' title="bbox 243 623 1304 726; baseline 0.002 -28"><span class='ocrx_word' id='word_1_15' title='bbox 243 623 454 712; x_wconf 80' lang='lat' dir='ltr'>breviores,</span> <span class='ocrx_word' id='word_1_16' title='bbox 489 623 659 702; x_wconf 75' lang='lat' dir='ltr'><strong>articulis</strong></span> <span class='ocrx_word' id='word_1_17' title='bbox 693 628 858 709; x_wconf 80' lang='lat'>14-17</span> <span class='ocrx_word' id='word_1_18' title='bbox 890 637 957 700; x_wconf 87' lang='lat' dir='ltr'>aut</span> <span class='ocrx_word' id='word_1_19' title='bbox 993 631 1155 706; x_wconf 84' lang='grc'><strong>18-18</strong></span> <span class='ocrx_word' id='word_1_20' title='bbox 1188 650 1304 726; x_wconf 89' lang='lat' dir='ltr'>supra</span> 
     </span>
     <span class='ocr_line' id='line_1_5' title="bbox 243 741 1300 846; baseline -0.001 -22"><span class='ocrx_word' id='word_1_21' title='bbox 243 743 351 824; x_wconf 75' lang='lat' dir='ltr'>albis.</span> <span class='ocrx_word' id='word_1_22' title='bbox 376 833 378 836; x_wconf 36' lang='grc'><strong>,</strong></span> <span class='ocrx_word' id='word_1_23' title='bbox 404 744 573 822; x_wconf 78' lang='lat' dir='ltr'><strong><em>Thorax</em></strong></span> <span class='ocrx_word' id='word_1_24' title='bbox 591 743 768 846; x_wconf 86' lang='lat' dir='ltr'>gibbulus</span> <span class='ocrx_word' id='word_1_25' title='bbox 783 757 849 822; x_wconf 87' lang='lat' dir='ltr'>aut</span> <span class='ocrx_word' id='word_1_26' title='bbox 866 741 1300 845; x_wconf 86' lang='lat' dir='ltr'>gibbulo-cylindricus.</span> 
     </span>
     <span class='ocr_line' id='line_1_6' title="bbox 241 861 1302 966; baseline -0.002 -24"><span class='ocrx_word' id='word_1_27' title='bbox 241 865 346 942; x_wconf 85' lang='lat' dir='ltr'>Aloe</span> <span class='ocrx_word' id='word_1_28' title='bbox 373 863 599 954; x_wconf 87' lang='lat' dir='ltr'>mediocres,</span> <span class='ocrx_word' id='word_1_29' title='bbox 626 863 713 966; x_wconf 91' lang='lat' dir='ltr'>plus</span> <span class='ocrx_word' id='word_1_30' title='bbox 741 862 864 940; x_wconf 86' lang='lat' dir='ltr'>minus</span> <span class='ocrx_word' id='word_1_31' title='bbox 890 861 1302 965; x_wconf 77' lang='lat' dir='ltr'>subsumatohyalinae5</span> 
     </span>
     <span class='ocr_line' id='line_1_7' title="bbox 241 980 1303 1088; baseline 0 -30"><span class='ocrx_word' id='word_1_32' title='bbox 241 983 414 1088; x_wconf 77' lang='lat' dir='ltr'><strong>stigmate</strong></span> <span class='ocrx_word' id='word_1_33' title='bbox 440 998 626 1073; x_wconf 86' lang='lat' dir='ltr'>testaceo,</span> <span class='ocrx_word' id='word_1_34' title='bbox 652 983 760 1062; x_wconf 85' lang='lat' dir='ltr'>radio</span> <span class='ocrx_word' id='word_1_35' title='bbox 783 983 1036 1076; x_wconf 84' lang='lat' dir='ltr'>luscescente,</span> <span class='ocrx_word' id='word_1_36' title='bbox 1062 980 1189 1059; x_wconf 82' lang='lat' dir='ltr'>radice</span> <span class='ocrx_word' id='word_1_37' title='bbox 1214 981 1303 1060; x_wconf 80' lang='lat' dir='ltr'>rufa</span> 
     </span>
     <span class='ocr_line' id='line_1_8' title="bbox 241 1102 1303 1207; baseline -0.009 -19"><span class='ocrx_word' id='word_1_38' title='bbox 241 1121 308 1188; x_wconf 77' lang='lat' dir='ltr'>aut</span> <span class='ocrx_word' id='word_1_39' title='bbox 322 1103 443 1195; x_wconf 83' lang='lat' dir='ltr'>lusca,</span> <span class='ocrx_word' id='word_1_40' title='bbox 470 1104 665 1207; x_wconf 84' lang='lat' dir='ltr'>squamula</span> <span class='ocrx_word' id='word_1_41' title='bbox 684 1104 790 1206; x_wconf 87' lang='lat' dir='ltr'>nigra</span> <span class='ocrx_word' id='word_1_42' title='bbox 818 1119 884 1182; x_wconf 88' lang='lat' dir='ltr'>aut</span> <span class='ocrx_word' id='word_1_43' title='bbox 909 1103 1032 1193; x_wconf 77' lang='lat' dir='ltr'>lusoa3</span> <span class='ocrx_word' id='word_1_44' title='bbox 1058 1103 1185 1179; x_wconf 81' lang='lat' dir='ltr'>areola</span> <span class='ocrx_word' id='word_1_45' title='bbox 1211 1102 1303 1178; x_wconf 81' lang='lat' dir='ltr'>sub·</span> 
     </span>
     <span class='ocr_line' id='line_1_9' title="bbox 240 1221 1301 1328; baseline 0 -28"><span class='ocrx_word' id='word_1_46' title='bbox 240 1223 436 1326; x_wconf 79' lang='lat' dir='ltr'>irregulari</span> <span class='ocrx_word' id='word_1_47' title='bbox 451 1225 715 1328; x_wconf 75' lang='lat' dir='ltr'>authpetiolata.</span> <span class='ocrx_word' id='word_1_48' title='bbox 766 1225 891 1305; x_wconf 78' lang='lat' dir='ltr'>Pedes</span> <span class='ocrx_word' id='word_1_49' title='bbox 911 1222 1118 1302; x_wconf 82' lang='lat' dir='ltr'>anteriores</span> <span class='ocrx_word' id='word_1_50' title='bbox 1138 1221 1301 1326; x_wconf 77' lang='lat' dir='ltr'>graciles</span> 
     </span>
     <span class='ocr_line' id='line_1_10' title="bbox 240 1341 1301 1446; baseline -0.002 -26"><span class='ocrx_word' id='word_1_51' title='bbox 240 1345 329 1436; x_wconf 89' lang='lat' dir='ltr'>ruli,</span> <span class='ocrx_word' id='word_1_52' title='bbox 358 1345 462 1422; x_wconf 83' lang='lat' dir='ltr'><strong>coxis</strong></span> <span class='ocrx_word' id='word_1_53' title='bbox 490 1359 530 1422; x_wconf 90' lang='lat' dir='ltr'>et</span> <span class='ocrx_word' id='word_1_54' title='bbox 549 1341 868 1435; x_wconf 88' lang='lat' dir='ltr'>trochauteribus,</span> <span class='ocrx_word' id='word_1_55' title='bbox 894 1368 1162 1446; x_wconf 73' lang='lat' dir='ltr'><strong>nonnunqum</strong></span> <span class='ocrx_word' id='word_1_56' title='bbox 1184 1341 1301 1420; x_wconf 86' lang='lat' dir='ltr'>etiam</span> 
     </span>
     <span class='ocr_line' id='line_1_11' title="bbox 240 1463 1300 1568; baseline -0.001 -29"><span class='ocrx_word' id='word_1_57' title='bbox 240 1465 535 1555; x_wconf 85' lang='lat' dir='ltr'>lemurumbasi,</span> <span class='ocrx_word' id='word_1_58' title='bbox 562 1463 696 1567; x_wconf 82' lang='lat' dir='ltr'>nigris3</span> <span class='ocrx_word' id='word_1_59' title='bbox 723 1463 861 1568; x_wconf 79' lang='lat' dir='ltr'><strong>postici</strong></span> <span class='ocrx_word' id='word_1_60' title='bbox 876 1465 1035 1567; x_wconf 78' lang='lat' dir='ltr'>graciles</span> <span class='ocrx_word' id='word_1_61' title='bbox 1049 1463 1165 1566; x_wconf 88' lang='lat' dir='ltr'>longi,</span> <span class='ocrx_word' id='word_1_62' title='bbox 1192 1463 1300 1541; x_wconf 82' lang='lat' dir='ltr'>coxis</span> 
     </span>
     <span class='ocr_line' id='line_1_12' title="bbox 241 1583 1300 1686; baseline -0.002 -24"><span class='ocrx_word' id='word_1_63' title='bbox 241 1601 281 1662; x_wconf 93' lang='lat' dir='ltr'>et</span> <span class='ocrx_word' id='word_1_64' title='bbox 300 1585 601 1664; x_wconf 85' lang='lat' dir='ltr'>trochunteribus</span> <span class='ocrx_word' id='word_1_65' title='bbox 621 1583 755 1686; x_wconf 85' lang='lat' dir='ltr'>nigris,</span> <span class='ocrx_word' id='word_1_66' title='bbox 782 1584 989 1662; x_wconf 79' lang='lat' dir='ltr'>femoribus</span> <span class='ocrx_word' id='word_1_67' title='bbox 1009 1583 1098 1662; x_wconf 86' lang='lat' dir='ltr'>rufis</span> <span class='ocrx_word' id='word_1_68' title='bbox 1119 1583 1300 1684; x_wconf 84' lang='lat' dir='ltr'>geniculo</span> 
     </span>
     <span class='ocr_line' id='line_1_13' title="bbox 239 1703 1299 1808; baseline -0.007 -23"><span class='ocrx_word' id='word_1_69' title='bbox 239 1706 357 1808; x_wconf 68' lang='lat' dir='ltr'>nigra</span> <span class='ocrx_word' id='word_1_70' title='bbox 383 1707 488 1783; x_wconf 85' lang='lat' dir='ltr'>tibiis</span> <span class='ocrx_word' id='word_1_71' title='bbox 501 1707 603 1796; x_wconf 84' lang='lat' dir='ltr'>rufis,</span> <span class='ocrx_word' id='word_1_72' title='bbox 624 1706 770 1807; x_wconf 81' lang='lat' dir='ltr'>apicem</span> <span class='ocrx_word' id='word_1_73' title='bbox 783 1731 911 1782; x_wconf 83' lang='lat' dir='ltr'>versus</span> <span class='ocrx_word' id='word_1_74' title='bbox 926 1704 1053 1808; x_wconf 85' lang='lat' dir='ltr'>nigris,</span> <span class='ocrx_word' id='word_1_75' title='bbox 1080 1703 1191 1780; x_wconf 86' lang='lat' dir='ltr'>tarsis</span> <span class='ocrx_word' id='word_1_76' title='bbox 1206 1703 1299 1780; x_wconf 82' lang='lat' dir='ltr'>arti-</span> 
     </span>
     <span class='ocr_line' id='line_1_14' title="bbox 239 1822 1298 1928; baseline 0.001 -28"><span class='ocrx_word' id='word_1_77' title='bbox 239 1827 328 1904; x_wconf 90' lang='lat' dir='ltr'>culo</span> <span class='ocrx_word' id='word_1_78' title='bbox 351 1837 371 1905; x_wconf 93' lang='lat'>1</span> <span class='ocrx_word' id='word_1_79' title='bbox 392 1826 516 1928; x_wconf 81' lang='lat' dir='ltr'>nigra,</span> <span class='ocrx_word' id='word_1_80' title='bbox 543 1835 569 1916; x_wconf 76' lang='lat'>2</span> <span class='ocrx_word' id='word_1_81' title='bbox 589 1825 710 1902; x_wconf 87' lang='lat' dir='ltr'>rarius</span> <span class='ocrx_word' id='word_1_82' title='bbox 735 1839 819 1902; x_wconf 85' lang='lat' dir='ltr'>toto</span> <span class='ocrx_word' id='word_1_83' title='bbox 841 1825 949 1928; x_wconf 84' lang='lat' dir='ltr'>nigro</span> <span class='ocrx_word' id='word_1_84' title='bbox 972 1839 1039 1902; x_wconf 88' lang='lat' dir='ltr'>aut</span> <span class='ocrx_word' id='word_1_85' title='bbox 1056 1822 1183 1914; x_wconf 80' lang='lat' dir='ltr'>lusco,</span> <span class='ocrx_word' id='word_1_86' title='bbox 1209 1825 1298 1928; x_wconf 88' lang='lat' dir='ltr'>ple·</span> 
     </span>
     <span class='ocr_line' id='line_1_15' title="bbox 237 1943 1297 2052; baseline 0 -30"><span class='ocrx_word' id='word_1_87' title='bbox 237 1973 396 2048; x_wconf 87' lang='lat' dir='ltr'>rumque</span> <span class='ocrx_word' id='word_1_88' title='bbox 408 1946 514 2050; x_wconf 82' lang='lat' dir='ltr'>apice</span> <span class='ocrx_word' id='word_1_89' title='bbox 526 1945 630 2037; x_wconf 88' lang='lat' dir='ltr'>albo,</span> <span class='ocrx_word' id='word_1_90' title='bbox 659 1955 736 2026; x_wconf 76' lang='lat' dir='ltr'>Set</span> <span class='ocrx_word' id='word_1_91' title='bbox 750 1950 774 2024; x_wconf 82' lang='lat'>4</span> <span class='ocrx_word' id='word_1_92' title='bbox 790 1945 901 2036; x_wconf 81' lang='lat' dir='ltr'>albis,</span> <span class='ocrx_word' id='word_1_93' title='bbox 922 1947 952 2026; x_wconf 84' lang='lat'>.6</span> <span class='ocrx_word' id='word_1_94' title='bbox 967 1943 1076 2052; x_wconf 84' lang='lat' dir='ltr'>fusco</span> <span class='ocrx_word' id='word_1_95' title='bbox 1095 1960 1160 2024; x_wconf 91' lang='lat' dir='ltr'>aut</span> <span class='ocrx_word' id='word_1_96' title='bbox 1175 1944 1297 2046; x_wconf 89' lang='lat' dir='ltr'>nigro.</span> 
     </span>
     <span class='ocr_line' id='line_1_16' title="bbox 238 2064 1295 2169; baseline -0.002 -25"><span class='ocrx_word' id='word_1_97' title='bbox 238 2064 439 2144; x_wconf 83' lang='lat' dir='ltr'>Abdomen</span> <span class='ocrx_word' id='word_1_98' title='bbox 478 2065 613 2169; x_wconf 85' lang='lat' dir='ltr'>capitis</span> <span class='ocrx_word' id='word_1_99' title='bbox 657 2064 899 2169; x_wconf 84' lang='lat' dir='ltr'>thoracisque</span> <span class='ocrx_word' id='word_1_100' title='bbox 943 2064 1183 2168; x_wconf 82' lang='lat' dir='ltr'>longitudine</span> <span class='ocrx_word' id='word_1_101' title='bbox 1227 2091 1295 2142; x_wconf 89' lang='lat' dir='ltr'>seu</span> 
     </span>
     <span class='ocr_line' id='line_1_17' title="bbox 237 2183 1295 2289; baseline 0.002 -29"><span class='ocrx_word' id='word_1_102' title='bbox 237 2186 354 2288; x_wconf 88' lang='lat' dir='ltr'>paulo</span> <span class='ocrx_word' id='word_1_103' title='bbox 386 2185 553 2289; x_wconf 90' lang='lat' dir='ltr'>longius,</span> <span class='ocrx_word' id='word_1_104' title='bbox 592 2183 748 2262; x_wconf 84' lang='lat' dir='ltr'>thorace</span> <span class='ocrx_word' id='word_1_105' title='bbox 786 2186 995 2288; x_wconf 87' lang='lat' dir='ltr'>angustius,</span> <span class='ocrx_word' id='word_1_106' title='bbox 1034 2184 1196 2262; x_wconf 87' lang='lat' dir='ltr'>lineari·</span> <span class='ocrx_word' id='word_1_107' title='bbox 1226 2212 1295 2262; x_wconf 90' lang='lat' dir='ltr'>seu</span> 
     </span>
     <span class='ocr_line' id='line_1_18' title="bbox 237 2304 1295 2410; baseline 0.001 -30"><span class='ocrx_word' id='word_1_108' title='bbox 237 2304 656 2408; x_wconf 84' lang='lat' dir='ltr'>elongato-fusiforme,</span> <span class='ocrx_word' id='word_1_109' title='bbox 683 2307 790 2410; x_wconf 85' lang='lat' dir='ltr'>apice</span> <span class='ocrx_word' id='word_1_110' title='bbox 804 2307 890 2408; x_wconf 88' lang='lat' dir='ltr'>plus</span> <span class='ocrx_word' id='word_1_111' title='bbox 904 2305 1029 2381; x_wconf 85' lang='lat' dir='ltr'>minus</span> <span class='ocrx_word' id='word_1_112' title='bbox 1044 2322 1176 2382; x_wconf 88' lang='lat' dir='ltr'>ventre</span> <span class='ocrx_word' id='word_1_113' title='bbox 1188 2332 1295 2383; x_wconf 92' lang='lat' dir='ltr'>com-</span> 
     </span>
     <span class='ocr_line' id='line_1_19' title="bbox 237 2413 1294 2530; baseline 0 -29"><span class='ocrx_word' id='word_1_114' title='bbox 237 2451 425 2527; x_wconf 67' lang='lat' dir='ltr'>pressum</span> <span class='ocrx_word' id='word_1_115' title='bbox 460 2413 652 2527; x_wconf 82' lang='lat' dir='ltr'>segmento</span> <span class='ocrx_word' id='word_1_116' title='bbox 683 2435 703 2506; x_wconf 93' lang='lat'>1</span> <span class='ocrx_word' id='word_1_117' title='bbox 729 2423 929 2502; x_wconf 89' lang='lat' dir='ltr'>latitudine</span> <span class='ocrx_word' id='word_1_118' title='bbox 955 2426 1073 2530; x_wconf 91' lang='lat' dir='ltr'>triplo</span> <span class='ocrx_word' id='word_1_119' title='bbox 1109 2442 1174 2502; x_wconf 90' lang='lat' dir='ltr'>aut</span> <span class='ocrx_word' id='word_1_120' title='bbox 1205 2428 1294 2530; x_wconf 88' lang='lat' dir='ltr'>plus</span> 
     </span>
     <span class='ocr_line' id='line_1_20' title="bbox 235 2543 1293 2648; baseline 0.002 -28"><span class='ocrx_word' id='word_1_121' title='bbox 235 2545 353 2648; x_wconf 88' lang='lat' dir='ltr'>triplo</span> <span class='ocrx_word' id='word_1_122' title='bbox 366 2543 548 2647; x_wconf 88' lang='lat' dir='ltr'>longiore,</span> <span class='ocrx_word' id='word_1_123' title='bbox 576 2543 722 2648; x_wconf 88' lang='lat' dir='ltr'>apicem</span> <span class='ocrx_word' id='word_1_124' title='bbox 737 2573 865 2623; x_wconf 86' lang='lat' dir='ltr'>versus</span> <span class='ocrx_word' id='word_1_125' title='bbox 882 2547 1020 2622; x_wconf 87' lang='lat' dir='ltr'>sensim</span> <span class='ocrx_word' id='word_1_126' title='bbox 1033 2543 1202 2636; x_wconf 86' lang='lat' dir='ltr'>dilatato,</span> <span class='ocrx_word' id='word_1_127' title='bbox 1229 2548 1293 2624; x_wconf 81' lang='lat' dir='ltr'>vel</span> 
     </span>
     <span class='ocr_line' id='line_1_21' title="bbox 235 2663 1293 2770; baseline 0.002 -30"><span class='ocrx_word' id='word_1_128' title='bbox 235 2663 359 2768; x_wconf 88' lang='lat' dir='ltr'>nigro,</span> <span class='ocrx_word' id='word_1_129' title='bbox 387 2666 495 2768; x_wconf 89' lang='lat' dir='ltr'>apice</span> <span class='ocrx_word' id='word_1_130' title='bbox 508 2663 610 2756; x_wconf 86' lang='lat' dir='ltr'>rulo,</span> <span class='ocrx_word' id='word_1_131' title='bbox 637 2666 698 2743; x_wconf 89' lang='lat' dir='ltr'>vel</span> <span class='ocrx_word' id='word_1_132' title='bbox 720 2665 823 2757; x_wconf 83' lang='lat' dir='ltr'>rulo,</span> <span class='ocrx_word' id='word_1_133' title='bbox 850 2663 1136 2770; x_wconf 87' lang='lat' dir='ltr'>petiolonigr0,</span> <span class='ocrx_word' id='word_1_134' title='bbox 1162 2665 1293 2742; x_wconf 89' lang='lat' dir='ltr'>tuber-</span> 
     </span>
     <span class='ocr_line' id='line_1_22' title="bbox 234 2783 1291 2886; baseline 0.003 -27"><span class='ocrx_word' id='word_1_135' title='bbox 234 2784 331 2860; x_wconf 88' lang='lat' dir='ltr'>culis</span> <span class='ocrx_word' id='word_1_136' title='bbox 365 2784 583 2862; x_wconf 84' lang='lat' dir='ltr'>lateralibus</span> <span class='ocrx_word' id='word_1_137' title='bbox 623 2783 821 2886; x_wconf 87' lang='lat' dir='ltr'>paululum</span> <span class='ocrx_word' id='word_1_138' title='bbox 859 2787 959 2862; x_wconf 88' lang='lat' dir='ltr'>ultro</span> <span class='ocrx_word' id='word_1_139' title='bbox 990 2787 1155 2863; x_wconf 90' lang='lat' dir='ltr'>medium</span> <span class='ocrx_word' id='word_1_140' title='bbox 1188 2787 1291 2878; x_wconf 83' lang='lat' dir='ltr'>sitis3</span> 
     </span>
     <span class='ocr_line' id='line_1_23' title="bbox 233 2904 1290 3008; baseline -0.001 -24"><span class='ocrx_word' id='word_1_141' title='bbox 233 2909 349 2984; x_wconf 76' lang='lat'>2-4</span> <span class='ocrx_word' id='word_1_142' title='bbox 368 2906 476 2995; x_wconf 88' lang='lat' dir='ltr'>rufis;</span> <span class='ocrx_word' id='word_1_143' title='bbox 504 2908 528 2984; x_wconf 84' lang='lat'>5</span> <span class='ocrx_word' id='word_1_144' title='bbox 550 2905 610 2981; x_wconf 92' lang='lat' dir='ltr'>vel</span> <span class='ocrx_word' id='word_1_145' title='bbox 630 2917 714 2980; x_wconf 88' lang='lat' dir='ltr'>toto</span> <span class='ocrx_word' id='word_1_146' title='bbox 732 2905 835 2996; x_wconf 87' lang='lat' dir='ltr'>rulo,</span> <span class='ocrx_word' id='word_1_147' title='bbox 863 2907 923 2982; x_wconf 81' lang='lat' dir='ltr'>rel</span> <span class='ocrx_word' id='word_1_148' title='bbox 946 2904 1070 3008; x_wconf 90' lang='lat' dir='ltr'>nigro,</span> <span class='ocrx_word' id='word_1_149' title='bbox 1096 2907 1290 2998; x_wconf 86' lang='lat' dir='ltr'>lateribus,</span> 
     </span>
    </p>
   </div>
   <div class='ocr_carea' id='block_1_3' title="bbox 232 3023 1291 3128">
    <p class='ocr_par' dir='ltr' id='par_1_3' title="bbox 232 3023 1291 3128">
     <span class='ocr_line' id='line_1_24' title="bbox 232 3023 1291 3128; baseline 0.008 -29"><span class='ocrx_word' id='word_1_150' title='bbox 232 3023 422 3100; x_wconf 88' lang='lat' dir='ltr'>interdum</span> <span class='ocrx_word' id='word_1_151' title='bbox 435 3025 551 3102; x_wconf 89' lang='lat' dir='ltr'>etiam</span> <span class='ocrx_word' id='word_1_152' title='bbox 563 3025 654 3114; x_wconf 87' lang='lat' dir='ltr'>basi,</span> <span class='ocrx_word' id='word_1_153' title='bbox 680 3027 788 3114; x_wconf 88' lang='lat' dir='ltr'>rufis;</span> <span class='ocrx_word' id='word_1_154' title='bbox 816 3034 928 3104; x_wconf 78' lang='lat' dir='ltr'>cett</span> <span class='ocrx_word' id='word_1_155' title='bbox 943 3025 1071 3128; x_wconf 90' lang='lat' dir='ltr'>nigris.</span> <span class='ocrx_word' id='word_1_156' title='bbox 1118 3029 1291 3106; x_wconf 82' lang='lat' dir='ltr'>Aculeus</span> 
     </span>
    </p>
   </div>
   <div class='ocr_carea' id='block_1_4' title="bbox 228 3143 1289 3736">
    <p class='ocr_par' dir='ltr' id='par_1_4' title="bbox 232 3143 977 3248">
     <span class='ocr_line' id='line_1_25' title="bbox 232 3143 977 3248; baseline -0.003 -26"><span class='ocrx_word' id='word_1_157' title='bbox 232 3143 470 3248; x_wconf 87' lang='lat' dir='ltr'>longitudine</span> <span class='ocrx_word' id='word_1_158' title='bbox 484 3161 609 3222; x_wconf 81' lang='lat' dir='ltr'>sextae</span> <span class='ocrx_word' id='word_1_159' title='bbox 622 3145 740 3247; x_wconf 84' lang='lat' dir='ltr'>partis</span> <span class='ocrx_word' id='word_1_160' title='bbox 757 3145 977 3222; x_wconf 80' lang='lat' dir='ltr'>abdominis.</span> 
     </span>
    </p>

    <p class='ocr_par' dir='ltr' id='par_1_5' title="bbox 228 3263 1289 3736">
     <span class='ocr_line' id='line_1_26' title="bbox 307 3263 1289 3368; baseline 0.007 -29"><span class='ocrx_word' id='word_1_161' title='bbox 307 3263 431 3340; x_wconf 83' lang='lat' dir='ltr'>Mures</span> <span class='ocrx_word' id='word_1_162' title='bbox 459 3282 498 3342; x_wconf 82' lang='lat' dir='ltr'>et</span> <span class='ocrx_word' id='word_1_163' title='bbox 523 3266 680 3343; x_wconf 83' lang='lat' dir='ltr'>feminas</span> <span class='ocrx_word' id='word_1_164' title='bbox 708 3265 855 3368; x_wconf 88' lang='lat' dir='ltr'>accepi,</span> <span class='ocrx_word' id='word_1_165' title='bbox 883 3263 983 3342; x_wconf 88' lang='lat' dir='ltr'>circa</span> <span class='ocrx_word' id='word_1_166' title='bbox 1017 3267 1059 3345; x_wconf 93' lang='lat' dir='ltr'><em>V</em></span> <span class='ocrx_word' id='word_1_167' title='bbox 1056 3267 1289 3348; x_wconf 73' lang='lat' dir='ltr'>indoloriam</span> 
     </span>
     <span class='ocr_line' id='line_1_27' title="bbox 231 3385 1289 3490; baseline 0.008 -31"><span class='ocrx_word' id='word_1_168' title='bbox 231 3385 453 3464; x_wconf 81' lang='lat' dir='ltr'>Berolinnm</span> <span class='ocrx_word' id='word_1_169' title='bbox 485 3402 525 3464; x_wconf 92' lang='lat' dir='ltr'>et</span> <span class='ocrx_word' id='word_1_170' title='bbox 560 3385 820 3465; x_wconf 82' lang='lat' dir='ltr'>Wurmbrumr</span> <span class='ocrx_word' id='word_1_171' title='bbox 846 3387 978 3464; x_wconf 86' lang='lat' dir='ltr'>lectos.</span> <span class='ocrx_word' id='word_1_172' title='bbox 1033 3389 1122 3490; x_wconf 73' lang='lat' dir='ltr'>Ipse</span> <span class='ocrx_word' id='word_1_173' title='bbox 1146 3415 1289 3466; x_wconf 85' lang='lat' dir='ltr'>marem</span> 
     </span>
     <span class='ocr_line' id='line_1_28' title="bbox 230 3504 1287 3613; baseline 0.009 -35"><span class='ocrx_word' id='word_1_174' title='bbox 230 3504 335 3606; x_wconf 88' lang='lat' dir='ltr'>cepi,</span> <span class='ocrx_word' id='word_1_175' title='bbox 367 3531 496 3584; x_wconf 82' lang='lat' dir='ltr'>mense</span> <span class='ocrx_word' id='word_1_176' title='bbox 528 3505 646 3596; x_wconf 92' lang='lat' dir='ltr'>Iunii,</span> <span class='ocrx_word' id='word_1_177' title='bbox 679 3507 720 3582; x_wconf 91' lang='lat' dir='ltr'>in</span> <span class='ocrx_word' id='word_1_178' title='bbox 752 3507 894 3584; x_wconf 80' lang='lat' dir='ltr'>fruteto</span> <span class='ocrx_word' id='word_1_179' title='bbox 922 3532 1042 3610; x_wconf 87' lang='lat' dir='ltr'>prope</span> <span class='ocrx_word' id='word_1_180' title='bbox 1071 3510 1287 3613; x_wconf 82' lang='lat' dir='ltr'>Pepelwitz,</span> 
     </span>
     <span class='ocr_line' id='line_1_29' title="bbox 228 3622 1287 3736; baseline 0.011 -38"><span class='ocrx_word' id='word_1_181' title='bbox 228 3622 423 3718; x_wconf 82' lang='lat' dir='ltr'>seminam,</span> <span class='ocrx_word' id='word_1_182' title='bbox 450 3627 583 3703; x_wconf 85' lang='lat' dir='ltr'>eodem</span> <span class='ocrx_word' id='word_1_183' title='bbox 595 3653 736 3718; x_wconf 86' lang='lat' dir='ltr'>meuse,</span> <span class='ocrx_word' id='word_1_184' title='bbox 762 3627 803 3703; x_wconf 92' lang='lat' dir='ltr'>in</span> <span class='ocrx_word' id='word_1_185' title='bbox 814 3628 992 3729; x_wconf 84' lang='lat' dir='ltr'>gramine,</span> <span class='ocrx_word' id='word_1_186' title='bbox 1020 3655 1141 3733; x_wconf 88' lang='lat' dir='ltr'>prope</span> <span class='ocrx_word' id='word_1_187' title='bbox 1153 3629 1287 3736; x_wconf 82' lang='lat' dir='ltr'>Sibyl-</span> 
     </span>
    </p>
   </div>
   <div class='ocr_carea' id='block_1_5' title="bbox 228 3745 1351 3850">
    <p class='ocr_par' dir='ltr' id='par_1_6' title="bbox 228 3745 1351 3850">
     <span class='ocr_line' id='line_1_30' title="bbox 228 3745 1351 3850; baseline 0.004 -28"><span class='ocrx_word' id='word_1_188' title='bbox 228 3745 366 3822; x_wconf 74' lang='lat' dir='ltr'>naon.</span> <span class='ocrx_word' id='word_1_189' title='bbox 432 3747 578 3824; x_wconf 88' lang='lat' dir='ltr'>Marem</span> <span class='ocrx_word' id='word_1_190' title='bbox 611 3747 781 3838; x_wconf 88' lang='lat' dir='ltr'>unicum,</span> <span class='ocrx_word' id='word_1_191' title='bbox 822 3749 960 3850; x_wconf 84' lang='lat' dir='ltr'>clypeo</span> <span class='ocrx_word' id='word_1_192' title='bbox 989 3749 1216 3827; x_wconf 77' lang='lat' dir='ltr'>mandibulis</span> <span class='ocrx_word' id='word_1_193' title='bbox 1247 3766 1287 3827; x_wconf 89' lang='lat' dir='ltr'>et</span> <span class='ocrx_word' id='word_1_194' title='bbox 1350 3749 1351 3759; x_wconf 74' lang='grc'>’</span> 
     </span>
    </p>
   </div>
   <div class='ocr_carea' id='block_1_6' title="bbox 225 3862 1283 4093">
    <p class='ocr_par' dir='ltr' id='par_1_7' title="bbox 225 3862 1283 4093">
     <span class='ocr_line' id='line_1_31' title="bbox 225 3862 1283 3973; baseline 0.009 -36"><span class='ocrx_word' id='word_1_195' title='bbox 225 3862 338 3940; x_wconf 83' lang='lat' dir='ltr'>faciei</span> <span class='ocrx_word' id='word_1_196' title='bbox 370 3866 497 3944; x_wconf 87' lang='lat' dir='ltr'>medio</span> <span class='ocrx_word' id='word_1_197' title='bbox 527 3869 620 3945; x_wconf 91' lang='lat' dir='ltr'>totis</span> <span class='ocrx_word' id='word_1_198' title='bbox 646 3868 781 3972; x_wconf 87' lang='lat' dir='ltr'>nigris,</span> <span class='ocrx_word' id='word_1_199' title='bbox 812 3867 863 3946; x_wconf 83' lang='lat' dir='ltr'>ob</span> <span class='ocrx_word' id='word_1_200' title='bbox 886 3865 1084 3948; x_wconf 81' lang='lat' dir='ltr'>Ueclrtrits</span> <span class='ocrx_word' id='word_1_201' title='bbox 1110 3869 1215 3973; x_wconf 89' lang='lat' dir='ltr'>cepit</span> <span class='ocrx_word' id='word_1_202' title='bbox 1243 3870 1283 3946; x_wconf 90' lang='lat' dir='ltr'>in</span> 
     </span>
     <span class='ocr_line' id='line_1_32' title="bbox 226 3982 1282 4093; baseline 0.008 -31"><span class='ocrx_word' id='word_1_203' title='bbox 226 3982 367 4088; x_wconf 77' lang='lat' dir='ltr'>pinetis</span> <span class='ocrx_word' id='word_1_204' title='bbox 394 4012 517 4093; x_wconf 82' lang='lat' dir='ltr'>prope</span> <span class='ocrx_word' id='word_1_205' title='bbox 534 3987 793 4072; x_wconf 76' lang='lat' dir='ltr'>Oburlrirolea</span> <span class='ocrx_word' id='word_1_206' title='bbox 820 3989 861 4068; x_wconf 91' lang='lat' dir='ltr'>in</span> <span class='ocrx_word' id='word_1_207' title='bbox 887 3987 1034 4070; x_wconf 85' lang='lat' dir='ltr'>Silcsia.</span> <span class='ocrx_word' id='word_1_208' title='bbox 1087 3991 1282 4070; x_wconf 72' lang='lat' dir='ltr'>Praeterea</span> 
     </span>
    </p>
   </div>
   <div class='ocr_carea' id='block_1_7' title="bbox 0 0 1372 4630">
    <p class='ocr_par' dir='ltr' id='par_1_8' title="bbox 0 0 1372 4630">
     <span class='ocr_line' id='line_1_33' title="bbox 0 0 1372 4630; baseline 0 5"><span class='ocrx_word' id='word_1_209' title='bbox 0 0 1372 4630; x_wconf 95' lang='lat' dir='ltr'> </span> 
     </span>
    </p>
   </div>
  </div>
 </body>
</html>
