2652 4628
187 253 239 321 20
638 263 803 316 Piniana

189 430 239 505 sis
252 426 557 533 posticis'nigris,
578 427 658 504 basi
674 427 919 506 articulorum
932 427 1028 507 alba.
1081 431 1266 535 Aculeus

188 549 401 628 abdominis
428 547 685 652 longitudine,
721 547 930 651 aut'paulo
955 547 1123 639 brevior,
1152 565 1264 626 tere-

187 671 254 746 bra
273 671 368 748 cula.

265 793 375 868 Duae
395 789 557 866 feminae
577 786 677 864 circa
694 789 737 868 V
734 791 976 866 rotislovium
997 804 1131 892 captae
1150 802 1259 880 sunt,

188 937 347 1016 quarum
376 911 510 999 altera,
538 933 667 986 mense
691 907 796 1010 lll'ajo
818 907 865 984 ab
887 907 1107 990 Hortliebio
1127 924 1257 1012 capta,

186 1031 358 1120 minima,
386 1053 507 1106 cornu
529 1026 704 1130 longiore
726 1028 938 1118 obtusiore,
964 1028 1099 1104 aculeo
1124 1042 1258 1106 autem

186 1152 379 1241 breviore,
405 1148 608 1252 areliquis
629 1148 771 1226 differt.
825 1151 936 1229 Duae
948 1147 1258 1253 pedemontanae

187 1299 209 1346 a
231 1271 406 1352 Bonellio
425 1295 575 1346 mecum
594 1269 892 1348 communicatae
912 1286 1010 1351 sunt.

263 1521 300 1592 2.
340 1509 556 1589 Tubercnlo
573 1509 752 1612 frontale·
778 1517 944 1601 minuto,
976 1517 1090 1589 coxis
1120 1515 1253 1611 nigro-

188 1635 404 1711 moculutis.
431 1657 481 1707 m.
496 1630 524 1706 s.
552 1673 605 1688 ··-
630 1631 732 1706 llaec
750 1631 909 1707 varietas
931 1647 1063 1708 exacte
1082 1631 1251 1708 medium

185 1767 291 1831 tenet
307 1754 407 1830 inter
420 1758 618 1830 cerotitem
635 1751 837 1852 genuinam
855 1765 895 1827 et
908 1750 953 1828 G.
959 1753 1249 1858 fronticornem

185 1873 490 1963 antecedentem,
524 1888 601 1948 tam
629 1871 760 1948 colore
789 1897 900 1975 quam
927 1895 1046 1946 cornu
1073 1871 1247 1946 frontalis

184 1995 315 2070 lorma.
343 2035 395 2052 -
419 1991 896 2092 Longitudoalinearum,
925 1993 1088 2095 paulove
1108 1993 1244 2070 minor.

187 2117 317 2218 Caput
343 2112 545 2190 tuberculo
565 2111 720 2186 frontali
743 2111 906 2200 minuto,
935 2112 1053 2188 rarius
1076 2112 1157 2190 lere
1176 2115 1246 2190 ob-

185 2236 326 2323 solet0;
353 2233 477 2336 pulpis
495 2231 869 2320 sordidastramiueis,
884 2231 1112 2310 mandibulis
1128 2235 1244 2311 inter-

182 2356 271 2430 dum
284 2354 393 2445 rulis,
422 2352 560 2456 clypeo
580 2350 682 2442 ruso,
709 2350 815 2454 genis
837 2353 1026 2431 interdum
1045 2359 1239 2432 castaneis.

182 2474 351 2551 Thorax
371 2489 513 2577 puncto
538 2471 741 2548 stramineo
766 2489 853 2550 ante
880 2475 975 2564 alas,
1003 2473 1122 2550 rarius
1150 2477 1239 2552 colli

182 2592 365 2670 lateribus
380 2594 482 2668 culis.
536 2595 640 2669 Aloe
653 2591 899 2694 subhynlinae
919 2607 984 2670 aut
1004 2593 1241 2696 sumatohya-

181 2713 298 2801 linae3
326 2713 499 2816 stigmate
513 2712 830 2816 piceostramineo
851 2730 917 2790 aut
936 2715 1155 2805 stramineo,
1183 2744 1239 2792 nn·

179 2832 244 2910 dio
273 2858 385 2935 supra
415 2832 611 2921 subfusco,
640 2829 766 2907 radice
793 2849 832 2910 et
857 2835 1053 2937 squamula
1080 2836 1237 2940 pallide-

179 2953 402 3032 stramineis.
457 2953 580 3032 Pedes
605 2949 804 3043 fulvoruli,
832 2953 936 3030 coxis
963 2955 1025 3031 vel
1053 2955 1233 3046 omnibus,

178 3076 240 3152 vel
262 3073 421 3180 posticis
442 3073 552 3166 solis,
579 3072 726 3149 macula
749 3072 872 3176 nigra3
898 3074 1037 3177 postici
1053 3075 1232 3154 lentorum

178 3221 325 3296 summo
351 3195 461 3299 apice
494 3193 703 3298 nigricante
734 3193 973 3274 distinctione
995 3212 1062 3274 aut
1088 3197 1232 3274 obsole·

175 3315 291 3404 tiore,
319 3315 423 3390 tibiis
445 3313 525 3390 basi
548 3314 660 3405 albis,
689 3315 798 3420 apice
815 3333 857 3393 et
879 3331 967 3394 ante
992 3317 1099 3394 basin
1122 3319 1230 3422 nigri·
1313 3357 1314 3415 p

176 3433 364 3523 cantibus,
392 3435 501 3512 tarsis
524 3436 804 3536 nigricantibus.
859 3435 1061 3516 Addomen
1083 3438 1228 3516 lineari·
1311 3447 1313 3515 l

151 3554 444 3658 -cylindricuni,
485 3555 612 3657 eapite
648 3555 879 3661 thoraceque
917 3556 1033 3657 paulo
1072 3559 1224 3663 longius,

175 3674 341 3750 thoracis
365 3669 584 3762 latitudine3
619 3677 819 3778 segmentis
850 3685 961 3757 1-a
987 3679 1112 3780 apice,
1139 3693 1163 3761 2
1188 3701 1223 3760 ut
1307 3729 1310 3820 p

173 3794 378 3897 plurimum
406 3793 520 3870 etiam
546 3794 745 3888 lateribus,
773 3796 994 3888 rulosulvis;
1021 3803 1221 3904 lmargine

173 3914 276 4004 rulo,
304 3915 493 3992 interdum
514 3911 700 3995 obsoleto.
754 3921 924 3997 Aculeus
943 3921 1006 3998 vix
1020 3920 1219 3998 abdominis

171 4035 425 4138 longitudine,
453 4035 601 4116 terebra
621 4052 809 4153 testacea..
1304 4019 1307 4120 l
