2726 4634
496 238 686 290 sauma
720 223 749 289 Ι.
1078 218 1153 296 845

90 404 188 484 sime
215 401 394 482 extincta
446 401 551 480 Alae
575 399 768 478 rarissime
796 401 970 504 stigmate
988 417 1028 480 et
1047 403 1154 478 radio

90 525 337 625 fuscopiceis.
366 520 503 600 Tibiae
515 521 684 623 posticae
696 521 885 598 rarissime
899 523 979 598 basi
994 539 1033 599 et
1046 523 1165 626 apiae¹

93 643 408 747 imagineae-
421 643 580 720 Caetera
594 641 798 720 individuis
812 642 984 744 genuinis
998 667 1155 746 respua-

92 765 196 841 dent.

173 883 298 960 Unum
318 881 557 960 individuum
577 882 663 986 cepi
677 907 806 960 mense
818 881 927 972 Iulii,
955 881 996 958 in
1008 882 1156 958 umbel-

91 1004 193 1094 latis,
220 1028 343 1106 prope
356 1002 605 1102 Gottingam3
631 1002 812 1106 quaedam
826 1002 910 1091 alia,
932 1000 1033 1076 eirea
1050 1002 1092 1080 V
1090 1027 1156 1078 ra·

93 1125 311 1212 talasium,
340 1119 621 1212 Warmbrun'n,
638 1121 944 1200 'Sickerskausan
966 1136 1006 1197 et
1029 1119 1068 1196 in
1083 1123 1156 1198 Re·

92 1247 207 1344 gi'one
237 1242 518 1346 pedemontana
550 1243 667 1332 lecta,
701 1263 849 1318 mecum
882 1240 1157 1316 communicata

95 1379 201 1451 suaa,
227 1365 476 1438 lusitanicam
498 1359 575 1437 vidi
599 1363 638 1436 in
653 1387 784 1440 museo
800 1365 962 1437 Comitis
974 1359 1022 1438 de
1033 1359 1156 1462 Hoff-

95 1505 314 1581 maansegg.
340 1523 393 1540 --
417 1477 742 1558 Pedemontanum
775 1479 873 1555 illud
900 1480 1086 1580 estquod
1114 1481 1154 1554 in

93 1599 353 1704 descriptione
367 1599 483 1702 hujus
496 1599 689 1678 varietatis
704 1625 778 1703 qua
791 1598 1028 1676 individuum
1044 1598 1157 1676 raris·

94 1721 233 1797 simum
251 1718 418 1796 distinxi.

174 1969 211 2042 3.
237 1959 442 2062 Segmento
455 1965 582 2063 primo
599 1965 820 2060 totonigro,
850 1961 1003 2038 musula
1007 1959 1158 2061 faciali

95 2079 200 2160 albu.
226 2107 277 2156 m.
305 2123 358 2140 -
383 2078 606 2180 Longitudo
625 2078 706 2158 fere
722 2079 956 2159 4linearum.
1008 2082 1160 2160 Anten-

94 2229 169 2280 nue
193 2201 356 2277 articulo
385 2209 405 2280 1
433 2200 563 2276 subtus
590 2199 689 2277 albo.
715 2241 768 2258 -
804 2200 963 2277 Caetera
988 2201 1088 2278 sicut
1117 2202 1158 2278 ia

96 2321 228 2425 specie
253 2320 426 2422 genuina.

176 2439 421 2517 Indiuiduum
446 2438 605 2516 unicum
619 2439 755 2518 Besser
775 2465 797 2516 e
819 2441 861 2518 V
858 2439 1020 2545 olhynia
1038 2453 1159 2520 trans-

94 2558 214 2636 misit.

174 2803 211 2878 4.
238 2797 687 2878 Facieetcoxisanticis
700 2803 794 2878 totis
802 2795 943 2894 flavis,
966 2816 1159 2902 segmento

92 2923 224 3022 primo
249 2921 472 3023 plerumque
504 2935 587 2996 toto
613 2927 737 3020 nigro.
771 2945 820 2994 m.
854 2961 907 2977 -
936 2919 1160 3020 Longuudo

94 3038 254 3135 2-272
274 3036 469 3116 linearum.
518 3043 649 3143 Caput
662 3038 761 3113 facie
774 3063 916 3139 oreque
929 3038 1020 3114 totis
1033 3040 1158 3130 flavis3

95 3156 521 3262 apicemandibularum
537 3158 645 3234 fusco
659 3173 726 3234 aut
737 3157 966 3260 ferrugineo,
1008 3163 1158 3238 Anten-

94 3305 172 3354 nae
189 3278 320 3352 subtus
335 3278 464 3355 fuscae
478 3293 544 3355 aut
555 3278 791 3380 ferrugineas
806 3293 871 3352 aut
884 3291 1081 3369 testaceae,
1102 3305 1160 3354 ar-

94 3398 220 3472 ticulo
237 3406 257 3477 1
273 3400 371 3474 flavo
385 3413 450 3473 aut
461 3398 599 3474 albido.
629 3399 799 3474 Thorax
811 3397 913 3473 linea
934 3411 999 3471 aut
1012 3398 1161 3474 macula

96 3531 183 3592 ante
198 3515 287 3606 alas,
314 3518 462 3593 macula
477 3532 543 3593 aut
556 3535 699 3620 puncto
712 3517 808 3593 infra
823 3519 911 3607 alas,
934 3517 1160 3621 plerumque

94 3635 198 3712 linea
208 3637 449 3712 transversali
464 3637 560 3713 inira
576 3638 789 3728 scutellam,
804 3637 992 3714 interdum
1006 3661 1160 3740 quoque

96 3771 251 3831 suturae
277 3754 566 3831 lateralisiater
586 3757 851 3858 prothoracem
873 3774 912 3834 et
932 3756 1161 3834 metathora-

95 3901 177 3950 cem
201 3899 338 3974 supera
365 3889 490 3976 parte,
517 3875 622 3950 flavis
649 3892 716 3952 aut
741 3875 891 3952 albidis,
944 3877 1159 3956 Scutellum

95 4009 220 4070 tutum
235 3993 460 4072 flavumaut‘
470 3993 660 4072 albidum..
692 3995 1161 4094 Caaeaeet'trochaatem
