2776 4628
246 159 323 236 656
423 201 426 206 ·
520 167 522 172 '
690 173 855 229 ornrou

245 341 534 421 rufescentibus.
603 343 707 422 Alae
745 339 1084 444 fumatobyalinae,
1130 343 1314 449 stigmate

244 465 371 542 radice
397 477 436 538 et
462 454 657 564 squamula
681 460 1014 552 testaceo-fulvis,
1047 463 1153 540 radio
1182 466 1313 544 ferru-

244 585 368 688 gineo.
421 581 543 660 Pedes
557 581 762 674 anteriores
782 579 947 658 maribus
966 581 1068 672 flavi,
1097 583 1312 664 semoribus

242 705 375 793 fulvis,
416 701 566 778 feminis
599 699 719 776 dilute
749 700 822 774 rufi
855 699 961 776 tibiis
994 718 1147 782 externe
1180 706 1310 798 flavis3

243 826 381 933 postici
395 823 484 914 rub,
512 845 690 897 coxarum
704 815 784 896 basi
800 834 838 895 et
854 819 1034 898 tibiarum
1048 825 1157 930 apice
1174 827 1309 928 nigris,

240 947 351 1022 tarsis
372 944 478 1019 flavis
499 941 580 1016 basi
606 940 757 1016 articuli
787 941 901 1045 primi
930 933 1045 1019 fulva.
1099 944 1309 1026 Abdomen

240 1065 365 1167 capite
378 1062 609 1165 thoraceque
628 1058 708 1135 fere
729 1061 941 1166 quadruplo
961 1061 1131 1166 lougius,
1158 1065 1307 1158 rufum3

239 1182 353 1262 dorso
387 1180 570 1285 segmenti
603 1187 629 1270 2
661 1194 702 1255 et
732 1179 849 1284 partis
883 1181 1031 1258 ant-icae
1064 1188 1250 1286 segmenti
1283 1195 1303 1266 1

239 1304 363 1406 nigro;
391 1300 590 1404 segmentis
606 1307 630 1379 6
644 1314 683 1374 et
697 1307 732 1388 7,
758 1297 921 1377 feminae
937 1327 1089 1406 quoque
1101 1307 1144 1395 5,
1171 1307 1305 1408 nigris,

238 1423 419 1502 luteribus
442 1423 544 1498 rufis.
563 1411 568 1421 ⁴
597 1415 770 1497 Aculeus
782 1404 1042 1513 brevissimus,
1071 1439 1113 1510 ut
1131 1421 1305 1514 inante-

237 1543 472 1622 cedentibus.
869 1631 872 1638 Ι

243 1695 248 1704 ·
313 1667 422 1740 Duos
440 1687 579 1752 meres,
606 1685 795 1765 unamque
813 1656 1009 1756 feminam,
1036 1663 1137 1744 circa
1155 1665 1303 1772 Netley

236 1799 387 1888 captos,
412 1782 526 1887 Hope
544 1781 592 1856 nd
609 1808 669 1860 me
688 1781 805 1861 misit.

531 2181 604 2246 117.
646 2173 688 2240 A.
708 2173 1007 2244 BREVICORNE.

435 2353 624 2426 Abdomine
653 2355 746 2440 ruso,
781 2363 873 2450 apice
909 2371 944 2426 et
971 2358 1131 2448 segmenti
1159 2359 1297 2426 secundi

369 2483 378 2498 ··
434 2457 535 2526 dorso
556 2458 677 2546 nigris;
705 2457 845 2548 pedibus
873 2461 1093 2529 anterioribus
1121 2461 1175 2529 vel
1202 2461 1294 2527 flavis
1371 2467 1372 2503 i

426 2563 553 2647 (mari)
567 2557 620 2626 vel
631 2559 710 2626 rufis
723 2565 922 2648 (seminar),
945 2565 1036 2630 roris
1046 2562 1162 2651 nigris,
1184 2561 1297 2651 posti-

435 2660 756 2750 cisrufo-nigroque
775 2664 1029 2748 alternantibns3
1053 2665 1297 2734 antennishre-
1370 2657 1371 2705 t

431 2762 526 2832 vibus
548 2762 640 2832 rufis.
659 2787 704 2831 m.
727 2762 753 2832 s.
779 2771 864 2854 (mas
884 2767 969 2836 faeie
988 2765 1098 2852 flare).

235 3043 243 3057 ·
304 2989 475 3069 Statura
493 3005 533 3067 et
551 2986 749 3094 proportio
775 2993 941 3094 partium
967 2990 1110 3097 speciei
1131 3017 1294 3094 sequen·

226 3110 297 3201 tis,
331 3111 398 3188 sed
424 3111 596 3188 antennis
620 3112 714 3188 rufis
740 3112 862 3189 multo
886 3112 1146 3204 brevioribus,
1179 3110 1292 3188 tarsis

228 3230 388 3335 posticis
409 3233 524 3334 paulo
545 3231 808 3323 crassioribus,
834 3232 976 3313 differt.

303 3351 526 3451 longitudo
561 3360 676 3431 8-29
707 3352 905 3431 linearum.
965 3355 1095 3455 Caput
1127 3348 1290 3428 feminae

227 3470 392 3573 nigrum,
426 3467 652 3546 mandibulis
683 3473 871 3548 interdum
899 3472 1026 3548 medio
1051 3469 1288 3572 ferrugineis,

226 3606 371 3696 puncto
390 3605 557 3668 testaceo
577 3591 679 3667 inter
700 3607 878 3669 antennas
906 3605 946 3668 et
974 3592 1126 3680 oculos,
1153 3590 1287 3666 orbitis

224 3711 426 3786 oculomm
441 3709 637 3812 genalibus
654 3709 1089 3811 obscuro-ferrugineis;
1114 3708 1209 3786 muri
1222 3735 1286 3788 ore

222 3829 323 3908 fatie
343 3847 383 3907 et
402 3828 535 3906 orbitis
557 3830 756 3908 oculorum
774 3830 971 3934 gentilibus
989 3828 1114 3920 flavis,
1142 3845 1285 3930 puncto

221 3949 401 4030 obsoleto
412 3963 582 4028 testaceo
600 3949 648 4026 ed
661 3952 802 4030 orbitas
817 3949 1029 4032 vertirales.
1082 3949 1286 4030 Antenore
