2776 4628
440 279 543 333 ran.
573 265 617 332 11.
646 277 874 334 Paniscus.
1114 265 1189 339 627

120 445 367 551 gratioribus.
400 428 540 524 'Mares
555 447 748 524 ambarum
762 441 976 551 specierum
987 461 1113 524 umen
1127 447 1188 525 in-

119 569 271 644 terdum
285 565 464 644 difficiles
477 567 660 643 distinctu
675 582 777 643 sunt·
828 566 1007 644 Feminae
1019 567 1188 671 longitu-

120 687 211 764 dine
225 687 399 764 terebrae'
413 708 562 790 sempor
573 686 669 763 ‘satis
681 687 874 764 differunt.
922 699 925 706 '

125 837 162 919 ἰ
199 806 422 908 longitudo
450 807 563 883 maris
586 806 815 907 o-lereo,
842 807 1004 884 laminae
1032 805 1185 909 bip-8

119 925 320 1031 linearum.
382 931 513 1030 Caput
537 926 766 1003 mandibulis
793 928 901 1032 apioe
928 927 1062 1032 nigris,
1088 926 1186 1004 faeie

119 1047 312 1122 interdum
337 1047 552 1135 fluvicauaes
585 1045 708 1122 oeulis
737 1063 779 1124 et
808 1047 961 1140 oeellis,
995 1047 1185 1124 interdum

121 1190 279 1270 quoque
300 1181 406 1270 parte
425 1167 572 1270 postica
598 1166 791 1269 occipitis,
818 1165 938 1243 lusoir
964 1183 1029 1243 aut
1056 1166 1183 1270 nigris.

120 1289 324 1365 Antennoe
344 1287 453 1390 apice
475 1287 700 1390 plerumque
713 1286 952 1365 obscuriores
966 1301 1031 1362 aut
1045 1285 1187 1368 lusces-

121 1421 262 1512 centes,
277 1406 371 1482 mari
385 1405 504 1483 rarius
518 1405 646 1482 suscie
660 1421 725 1481 aut
738 1407 965 1509 nigricantes
977 1405 1058 1482 basi
1071 1422 1188 1484 testa-

123 1526 450 1627 eeo-ferruginea.
507 1527 675 1603 Thorax
689 1523 876 1602 interdum
889 1524 1002 1603 lineis
1020 1526 1189 1630 longitu-

122 1647 314 1722 dinalibus
327 1643 540 1722 dorsalibus
554 1644 865 1722 iusoeseentibus.
894 1647 998 1724 Alae
1011 1646 1188 1750 hyalinae

124 1784 191 1844 aut
208 1763 602 1868 subflavo-hyalinae3
630 1767 804 1868 stigmate
823 1781 991 1842 testaceo
1014 1783 1079 1842 aut
1095 1783 1190 1843 stra-

124 1888 269 1978 mine0,
294 1869 853 1976 mari‘interdumiuseescento,
880 1887 987 1964 radio
1000 1885 1108 1962 fusco
1122 1901 1190 1961 aut

124 2022 304 2097 testaceo,
331 2004 457 2083 radice
474 2021 514 2082 et
527 2007 721 2109 squamula
737 2007 929 2093 testaceis3
957 2007 1083 2082 areola
1096 2006 1191 2082 irre·

125 2125 247 2230 gulari
268 2124 481 2215 subsessili,
509 2117 734 2228 plerumque
755 2126 1056 2230 semicomplete,
1084 2127 1191 2202 nervi

126 2245 324 2324 exterioris
337 2259 445 2348 parte
461 2245 581 2322 infera
596 2245 779 2321 obsoleta.
833 2246 956 2324 Pedes
968 2245 1075 2334 fulvi,
1095 2245 1190 2321 mari

8 2356 12 2362 ¹
123 2366 245 2442 rarius
265 2364 472 2465 ferruginei
491 2365 600 2441 tarsis
622 2363 779 2467 posticis
801 2364 990 2442 interdum
1013 2365 1192 2468 pallidio-

125 2486 243 2563 ribus.
296 2483 499 2564 Abdomen
527 2486 654 2589 eapite
686 2485 917 2588 thoraceque
948 2484 1100 2587 longius
1126 2499 1192 2560 aut

127 2606 248 2709 duplo
271 2604 440 2706 longius,
468 2631 741 2708 compressum,
769 2605 878 2708 apice
899 2605 993 2681 mari
1014 2605 1191 2680 obtusum

126 2727 291 2802 feminae
310 2739 545 2816 truncatum
571 2740 794 2816 testaceum,
823 2751 934 2829 saepe
949 2725 1096 2827 apicem
1110 2749 1192 2801 ver-

131 2872 192 2922 sus
207 2846 431 2933 lascescens,
456 2861 522 2920 aut
536 2845 753 2923 subfuscum
767 2845 876 2921 basin
889 2871 1017 2923 versus
1034 2846 1190 2934 fulvum,

129 2963 318 3039 rarissime
333 2966 534 3064 segmentis
551 2975 575 3044 6
590 2981 629 3041 et
642 2971 666 3044 7
681 2954 829 3042 totis'et
847 2965 1029 3069 segmenti
1044 2967 1068 3042 5
1084 2965 1200 3067 apice*

132 3080 376 3184 nigrolusois·,
403 3101 596 3188 segmento
609 3087 733 3187 primo
752 3087 898 3189 apicem
913 3111 1042 3164 versus
1054 3085 1193 3162 sensim

130 3204 247 3306 paulo
262 3203 415 3295 latiore,
441 3205 646 3283 latitudine
665 3205 866 3309 quinquies
886 3222 952 3283 aut
973 3205 1092 3281 sexies
1109 3204 1194 3282 lon·

130 3323 253 3426 giore,
281 3340 389 3427 parte
410 3326 535 3422 aptica
555 3325 673 3426 duplo
698 3341 763 3430 aut
783 3327 870 3428 plus
889 3326 1008 3429 duplo
1021 3325 1195 3427 longiore

131 3471 245 3548 quam
266 3443 446 3547 petiolas.
500 3447 672 3526 Aculeus
693 3446 933 3549 longitudine
955 3445 1108 3549 quintae
1131 3461 1196 3521 aut

132 3579 259 3640 sextae
288 3563 406 3666 partis
434 3565 661 3657 abdominis,
696 3565 821 3669 niger,
848 3565 998 3644 terebra
1024 3581 1197 3641 castanea

133 3699 200 3760 aut
219 3681 336 3759 susoa.

132 3837 145 3844 ··
208 3804 334 3878 Mares
356 3819 397 3880 et
414 3801 572 3880 seminas
599 3803 716 3906 hujus
742 3804 884 3908 speciei
910 3804 1073 3906 vulgaris
1102 3803 1198 3910 cepi,

131 3923 324 3998 mensibus
344 3924 503 4026 Augusti
525 3941 565 4001 et
585 3925 834 4029 Septembris,
862 3923 1200 4026 eircaGottingnm

133 4057 173 4118 et
188 4043 327 4145 passim
344 4043 386 4122 in
399 4045 565 4140 Stlesio,
588 4045 630 4124 in
641 4045 849 4137 fruticetis,
869 4045 989 4122 rarius
1002 4045 1041 4121 in
1056 4044 1202 4120 umbel-

851 4166 930 4248 40*
