2814 4630
223 211 305 284 208
683 231 855 284 crusna
930 235 934 272 ³

86 399 89 408 ’
219 391 347 480 Pedes
370 392 576 470 anteriores
594 375 668 472 rufi
688 408 754 470 aut
774 393 889 487 fulvi,
915 395 1021 475 coxis
1042 411 1082 476 et
1104 397 1286 478 trechar-

224 514 368 590 teribus
396 514 529 616 nigris,
554 517 648 616 mari
669 517 858 594 interdum
877 515 1007 592 subtus
1025 519 1152 610 flavis,
1176 521 1285 598 tibiis

224 635 451 736 plerumque
476 635 617 710 annulo
635 637 780 738 pallido
808 649 873 713 aut
901 636 1029 714 albido
1057 654 1145 716 ante
1161 638 1282 730 basin,

221 755 414 830 interdum
433 771 603 847 externe,
630 781 741 859 supra
759 774 799 834 et
823 756 920 832 infra
940 757 1138 849 annulum,
1165 758 1284 836 fuscis

224 891 291 950 aut
310 875 595 976 nigricantibus,
623 877 756 952 anticis
777 877 924 982 interne
938 878 1163 980 plerumque
1177 879 1285 954 flavi-

225 995 413 1084 cantibus,
439 993 532 1068 mari
547 993 734 1071 interdum
752 996 844 1072 totis
865 997 989 1087 flavis;
1017 996 1155 1100 postici
1177 997 1283 1072 coxis

225 1115 359 1217 nigris,
391 1111 580 1189 rarissime
605 1114 753 1190 macula
778 1115 863 1192 rufa
890 1129 954 1192 aut
982 1117 1102 1192 latere
1126 1134 1283 1193 externo

224 1249 308 1312 toto
327 1235 430 1326 rufo,
458 1232 760 1310 trochanteribus
782 1234 917 1337 nigris,
944 1237 1035 1312 mari
1056 1236 1284 1337 plerumque

224 1356 333 1458 apice
353 1355 456 1444 rufo,
482 1353 688 1429 femoribus
704 1354 794 1429 rufis
809 1371 875 1431 aut
887 1355 1137 1445 ruso-fulvis,
1166 1355 1284 1429 inter-

224 1477 314 1552 dum
333 1472 658 1578 geniculovnigro,
684 1472 834 1552 seminis
854 1475 1043 1552 rarissime
1063 1475 1143 1551 fere
1162 1475 1285 1552 latere

224 1610 307 1672 toto
336 1612 491 1672 externo
516 1593 641 1696 nigro,
675 1593 780 1669 tibiis
806 1594 922 1697 nigris
951 1611 1017 1672 aut
1041 1593 1283 1696 nigrobadiis,

215 1717 366 1792 :annulo
392 1715 498 1803 albo,
535 1713 671 1788 latiore
697 1714 761 1789 vel
781 1717 1015 1817 angustiore,
1048 1713 1167 1788 rarius
1194 1713 1283 1789 ruso

226 1853 292 1911 aut
312 1838 393 1911 fere
413 1825 567 1911 omnino
581 1816 770 1925 obsoleto,
798 1839 885 1911 ante
901 1834 1030 1938 basin,
1055 1833 1147 1908 mari
1164 1833 1284 1908 inter·
1399 1825 1400 1846 ²

225 1957 314 2031 dum
336 1970 422 2031 ante
443 1955 589 2058 apicem
607 1956 716 2046 rufis,
750 1955 859 2030 tarsis
879 1954 991 2032 maris
1013 1953 1144 2056 nigris,
1171 1952 1285 2029 serni-

226 2104 297 2152 nae
315 2076 430 2152 fuscis
452 2090 517 2150 aut
542 2074 887 2176 fuscoferruginei's.
939 2073 1143 2152 Abdomen
1163 2081 1286 2152 muris

225 2199 350 2298 capite
364 2197 593 2297 thoraceque
605 2195 755 2296 longius
771 2196 962 2299 pauloque
977 2195 1178 2296 angustius,
1193 2195 1284 2269 sub-

225 2317 486 2420 cylindricum,
502 2317 678 2416 feminae
690 2315 814 2416 ca'pite
826 2314 1055 2418 thoraceque
1069 2315 1183 2418 paulo
1197 2315 1286 2390 lon-

225 2439 326 2540 gius,
368 2435 556 2513 interdum
581 2435 736 2532 thorace
765 2436 882 2537 duplo
909 2435 1077 2536 longius,
1116 2433 1284 2514 thoracis

212 2558 437 2647 -latitudine,
459 2558 521 2633 vel
535 2555 856 2656 subcylindricum
870 2556 931 2632 vel
946 2554 1285 2658 oblongoovatnm3

214 2696 419 2780 segmento
449 2687 469 2756 1
499 2677 579 2752 basi
606 2675 876 2766 scrobiculato,
916 2674 1089 2751 omnibus
1114 2676 1286 2780 margine

227 2798 453 2874 subclevatis
479 2796 735 2886 nitidioribus,
763 2795 930 2896 margine
949 2821 1093 2870 summo
1114 2797 1286 2899 plerum-

212 2918 722 3020 .que'·obsolete·castanc0,
761 2915 924 2990 maribus
952 2914 1141 2990 interdum
1167 2932 1286 2994 testa·
1398 2961 1399 2966 =

214 3027 306 3113 ceo'.
367 3038 538 3116 Aculeus
555 3035 793 3140 longitudine
813 3034 960 3110 dimidii
981 3035 1191 3116 abdominis
1215 3065 1287 3116 seu
1309 3067 1314 3074 ·

203 3159 340 3260 {paulo
365 3158 526 3233 brevior.
633 3221 636 3229 ,

302 3277 385 3352 Mas
414 3293 452 3352 et
478 3275 616 3352 semina
645 3271 826 3354 Richtero
853 3292 1106 3380 proreperunt
1131 3277 1284 3380 epupis

225 3401 370 3474 Tineae
385 3397 585 3500 padellue,
610 3396 673 3472 die
700 3395 848 3486 olulii;
874 3395 1013 3472 femina
1027 3397 1246 3474 Hnrtliedio
1259 3425 1284 3474 e

225 3543 327 3619 pupa
342 3516 819 3621 Bombycissuliginosaa,
844 3543 973 3592 mense
987 3515 1105 3617 Maj0.
1158 3518 1285 3594 Mares

225 3663 311 3711 cum
333 3635 482 3712 feminis
503 3639 579 3739 legi
600 3637 739 3739 passim
767 3636 807 3711 in
832 3637 977 3712 Silesia
1009 3650 1049 3710 et
1068 3635 1167 3712 circa
1187 3637 1285 3714 Got-

225 3765 389 3859 tingnm,
414 3757 605 3834 mensibus
625 3755 991 3857 Maji-Octobris,
1017 3756 1221 3859 praecipue
1242 3756 1286 3834 in

224 3876 431 3967 fruticetis,
464 3875 661 3953 sedetiam
690 3875 729 3950 in
750 3875 965 3952 umbellatis
981 3890 1019 3952 et
1033 3874 1284 3978 graminibus3

224 3997 378 4076 etiame
403 3999 585 4088 Lutatio,
610 3993 774 4096 Anglia,
801 3993 984 4088 Ariseria,
1009 3995 1219 4098 Hungurin
1245 4010 1288 4074 et
