2724 4630
660 233 894 293 MBTOPIUS.

573 492 607 560 t
648 485 696 552 M.
718 481 975 554 DENTATUS.

446 625 629 712 segmentis
642 623 933 713 daromarginatist
955 623 1095 714 pedibus
1107 625 1209 708 flavis,
1230 628 1306 698 basi

446 723 730 814 nigromaculatis3
754 725 837 794 faeie
853 727 985 794 thorace
1000 729 1185 798 etscutello
1196 729 1307 799 flavo-

445 825 629 897 maculatis.

321 1002 489 1080 Statura
508 1015 546 1077 et
565 1001 764 1106 proportio
784 1001 949 1105 partium
969 1002 1124 1080 omnino
1151 1019 1305 1082 anteue-

244 1123 380 1199 dentis.

251 1273 257 1284 ·
319 1237 866 1344 LongitudoY-d'linearum,
903 1247 1032 1346 Caput
1043 1241 1166 1346 pulpis
1180 1241 1304 1319 ferru-

242 1363 364 1464 gineis
387 1379 452 1438 aut
469 1361 604 1450 fuscis,
631 1359 727 1436 faeie
747 1362 809 1438 vel
831 1377 911 1438 tota
931 1364 1043 1453 flava,
1071 1362 1132 1437 vel
1154 1365 1304 1439 macula

243 1482 366 1584 nigra,
401 1481 462 1558 vel
491 1481 581 1556 solis
605 1480 835 1582 marginibus
863 1483 1019 1560 elevatis
1045 1483 1162 1557 flavis.
1217 1486 1304 1562 An-

244 1617 381 1679 tannae
390 1601 452 1677 vel
463 1601 585 1692 rusae,
614 1599 744 1675 subtus
759 1601 897 1693 fulvae,
924 1604 986 1680 vel
1001 1603 1139 1692 fuscae,
1169 1603 1302 1680 subtus

243 1723 370 1800 fulvae
390 1737 455 1798 aut
475 1721 596 1809 rufam
624 1719 785 1797 articulo
809 1730 828 1800 1
854 1747 1002 1826 semper
1015 1724 1138 1825 nigro,
1167 1723 1302 1800 subtus

241 1843 350 1918 davo.
405 1841 573 1919 Thorax
585 1839 686 1916 linea
704 1855 790 1918 ante
804 1841 899 1933 alas,
923 1841 1045 1918 ¹rarius
1063 1844 1102 1916 in
1116 1859 1302 1945 punctum

242 1977 450 2050 eontracta,
485 1977 627 2062 puncto
649 1987 716 2036 seu
737 1960 878 2038 lineola
901 1962 997 2036 infra
1018 1962 1113 2053 alas,
1146 1963 1301 2065 punctis

240 2081 388 2157 duobus
406 2097 491 2157 ante
505 2081 722 2171 scutellum,
750 2082 974 2184 plerumque
985 2082 1136 2185 punctis
1151 2082 1301 2160 duobus

242 2217 328 2278 ante
362 2201 561 2292 abdomen,
606 2200 709 2276 linea
747 2202 986 2278 transversali
1020 2199 1088 2277 sub
1123 2203 1299 2294 scute110,

239 2321 461 2423 maculaque
500 2321 647 2398 laterali
687 2322 938 2424 prothoracis,
979 2322 1167 2398 interdum
1208 2349 1298 2398 eum

240 2441 381 2517 lineola
408 2441 505 2516 iufra
532 2444 609 2519 alas
636 2443 868 2532 confluente,
909 2441 1033 2520 flavis.
1082 2443 1300 2521 Scutellum

239 2563 347 2664 apice
368 2563 476 2638 flavo,
531 2560 1095 2663 Aloeiulvescenti-hyalinae,
1124 2564 1300 2665 stigmate

238 2699 279 2759 et
303 2681 409 2757 radio
437 2679 569 2770 fulvis,
601 2681 726 2756 radice
761 2697 802 2756 et
830 2681 1024 2785 squamula
1051 2680 1185 2774 fuscis,
1225 2683 1299 2760 hae

237 2803 385 2882 macula
410 2799 623 2902 ferruginea
646 2815 711 2876 aut
736 2803 842 2878 flava.
903 2800 1025 2878 Pedes
1050 2801 1156 2892 flavi3
1190 2806 1297 2879 coxis

239 2922 301 2997 vel
325 2921 416 2997 totis
437 2919 570 3022 nigris,
597 2921 660 2996 vel
680 2921 927 2997 anterioribus
944 2922 1075 2997 subtus
1094 2923 1302 2998 flavescen-

237 3042 358 3129 tibus;
410 3039 710 3116 trochanteribus
743 3041 805 3116 vel
838 3042 972 3144 nigris,
1007 3043 1115 3146 apice
1149 3067 1298 3120 summo

236 3161 351 3250 flavo,
377 3159 441 3234 vel
457 3159 548 3234 totis
570 3161 694 3249 flavis3
721 3160 928 3238 femoribus
954 3161 1203 3238 anterioribus
1231 3163 1298 3241 vel

235 3279 326 3355 totis
359 3279 484 3367 flavis,
524 3280 587 3355 vel
619 3279 739 3355 tribus
773 3280 953 3357 lateribus
988 3282 1296 3384 subferrugineis,

234 3399 424 3484 interdum
455 3398 557 3474 linea
588 3398 854 3501 longitudinali
879 3400 1001 3507 nigra,
1042 3401 1198 3505 posticis
1232 3404 1296 3480 vel

235 3519 367 3620 nigris,
396 3517 503 3622 apice
522 3533 562 3594 et
581 3517 661 3594 basi
682 3548 823 3596 summa
844 3521 968 3612 flavis,
994 3522 1058 3597 vel
1079 3521 1201 3613 ilaris,
1229 3549 1298 3598 ex·

233 3654 397 3714 trorsum
417 3639 640 3740 ferrugineis
654 3641 798 3716 macula
820 3641 941 3730 fusca,
967 3642 1030 3717 vel
1053 3641 1186 3743 nigris,
1213 3643 1295 3718 basi

233 3759 341 3860 apice
356 3775 395 3835 et
409 3759 611 3835 introrsum
628 3760 744 3836 flavis.
779 3759 980 3841 Abdomen
997 3761 1198 3863 segmentis
1212 3787 1297 3837 om·

233 3879 343 3954 nibus
369 3879 702 3982 flavomarginatis,
740 3878 968 3960 liutardum
997 3881 1163 3984 margine
1194 3884 1295 3958 flavo

232 3997 357 4076 medio
385 3999 611 4103 interrupto.
