2806 4632
280 260 380 312 ran.
409 245 459 326 11,
496 261 608 314 secr.
639 263 678 314 n.
725 263 985 316 nrssouora.
1117 251 1165 328 67

109 425 247 502 duabus
267 425 427 500 hamatis
446 439 533 502 ante
551 425 713 516 collum,
740 428 930 506 interdum
951 453 1104 534 quoque
1117 432 1165 508 li-

108 547 215 622 neola
237 545 336 622 inira
358 545 563 621 scutellum
585 545 779 650 alteraque
798 546 894 624 infra
921 549 1016 640 alas,
1050 550 1166 628 lineis

105 667 248 742 duabus
267 663 608 768 longitudinalihus
628 665 669 740 in
679 667 809 758 dorso,
835 670 1059 774 maculaque
1071 672 1166 748 late-

96 787 173 862 rali
202 784 489 874 menenensis,
530 781 656 874 flovis3
695 783 766 862 hac
794 789 941 866 macula
973 803 1013 866 et
1036 789 1168 868 colore

104 907 200 982 flavo
221 906 391 1008 pectoris
410 930 669 1008 nonnunqum
685 927 862 1012 superne,
890 907 937 984 ad
952 909 1168 987 laterstho-

103 1025 217 1117 racis,
247 1024 368 1102 limbo
383 1023 493 1103 fulvo
514 1025 697 1116 definitis,
723 1041 880 1130 pectore
900 1029 1088 1108 interdum
1109 1031 1168 1107 ni·

104 1146 374 1248 ginmacularo.
439 1145 655 1224 Scnrellum
680 1147 831 1225 flavum.
895 1150 999 1228 Arne
1023 1147 1169 1224 medio-

103 1293 185 1343 cres
204 1281 272 1342 aut
290 1267 558 1368 subangunue,
585 1264 779 1367 hyalinae,
801 1265 982 1370 stigmate
1005 1281 1045 1344 et
1061 1267 1169 1345 radio

103 1385 225 1490 piceis
248 1402 314 1463 aut
334 1383 468 1475 lusus,
494 1384 623 1462 radice
637 1399 677 1462 et
698 1388 893 1490 squamula
913 1387 1168 1478 albidoflavis3

102 1509 234 1584 areola
246 1541 255 1584 κ
265 1505 552 1609 subirregulari,
593 1505 776 1608 petiolata
810 1534 877 1587 seu
903 1505 1166 1612 subpetiolata.

103 1629 228 1710 Pedes
243 1627 415 1732 graciles,
441 1625 554 1715 fulri3
582 1627 789 1736 anteriores
810 1625 915 1704 coxis
934 1641 974 1706 et
991 1628 1167 1706 trochan-

101 1750 251 1825 teribus
280 1745 581 1850 pallide-flavis,
608 1745 682 1822 his·
704 1745 894 1822 incenium
931 1745 1013 1826 basi
1046 1749 1169 1852 nigra3

103 1870 248 1972 postici
267 1865 571 1944 trochanteribus
593 1879 632 1940 ct
651 1863 756 1940 coxis
771 1865 834 1942 vel
852 1865 1169 1973 fulvo-flavoque

102 1989 239 2076 variis,
272 1985 462 2063 interdum
489 1984 778 2088 punctorum,
811 1985 873 2062 vel
898 1987 1006 2066 flavis
1024 2007 1169 2094 puncto

104 2109 235 2210 nigro,
263 2105 368 2182 coxis
389 2104 510 2182 rarius
530 2105 623 2180 totis
648 2105 784 2194 fulvis,
817 2106 945 2198 tarsis,
973 2109 1168 2186 interdum

103 2253 263 2331 quoque
286 2225 465 2302 tibiarum
479 2225 607 2327 apice,
632 2223 932 2304 succensentibus
957 2245 1024 2304 aut
1044 2231 1170 2332 nigro·

102 2349 238 2425 fuscis.
301 2345 504 2426 Abdomen
531 2343 656 2450 capite
682 2343 914 2450 thoraceque
938 2347 1054 2450 paulo
1081 2351 1169 2426 lon·-

103 2469 190 2572 gius
212 2483 252 2545 et
269 2467 481 2571 angustius,
515 2465 704 2542 interdum
724 2467 874 2543 dimidii
894 2465 1059 2545 thoracis
1081 2470 1170 2548 lati·

105 2590 259 2679 tudine,
291 2589 437 2665 lineare
465 2585 625 2675 sessile;·
648 2601 841 2688 segmento
872 2596 892 2666 1
919 2589 983 2664 vix
1007 2591 1169 2693 reliquis

105 2709 226 2812 paulo
239 2705 466 2810 angustiore,
485 2701 953 2800 obsoleto-conaliculato,
980 2709 1170 2786 rarissime

104 2827 277 2930 margine
299 2825 443 2918 albido,
469 2833 586 2904 2-7
600 2826 787 2928 margine,
812 2826 1001 2908 interdum
1016 2855 1169 2930 qnoque

105 2949 205 3039 basi,
235 2947 331 3024 olbis
352 2961 417 3023 aut
441 2944 671 3040 stramineis;
698 2946 834 3024 ultimo
863 2947 1041 3052 utrinque
1068 2950 1171 3052 stylo

105 3063 333 3147 brevissimo
356 3066 464 3168 nigro
490 3081 615 3143 aucto.

186 3189 383 3289 Quosdam
397 3185 626 3288 mareslegi,
652 3207 781 3263 mense
794 3185 907 3279 Iulio,
928 3183 1171 3264 Borterodoe

107 3309 150 3386 in
174 3303 413 3398 anhelatio
437 3306 532 3381 alios
551 3306 756 3383 nonnullos
778 3307 927 3412 accepi,
946 3305 1052 3384 'circa
1075 3308 1117 3386 V
1114 3314 1171 3385 in·

108 3427 302 3510 ἇοῠοπαιη
329 3441 369 3506 et
393 3425 696 3508 Sickerslransen
723 3443 866 3532 captos.
