2652 4628
208 235 258 308 62
654 243 822 296 rrnrna

208 418 308 494 cirea
322 409 634 500 Sicaerstausen,
662 403 808 489 Halani
822 401 1029 487 Senonum
1043 399 1271 490 et'Genuom
1303 388 1304 420 ³

208 540 338 615 lectas.
393 532 549 608 Femina
583 531 750 609 balensis
778 557 800 606 a
826 529 984 633 reliquis
1016 531 1148 610 differt
1175 532 1272 608 facie

208 660 321 746 flava,
354 655 456 730 linea
482 650 751 754 longitudinali
780 645 904 753 nigra,
939 653 1113 728 antennis
1139 653 1271 728 subtus

207 774 451 881 ferrugineis,
476 772 640 850 articulo
657 781 676 851 1
692 771 840 848 maorrla
855 771 951 847 alba.
1020 827 1022 834 Α

593 995 886 1075 varietates:

290 1148 323 1219 1.
357 1133 584 1217 Femoribus
606 1137 696 1239 plus
727 1141 853 1212 minus
872 1133 1006 1236 fuscis
1036 1149 1108 1213 unt
1139 1121 1272 1237 nigris.

209 1283 259 1336 m.
282 1258 309 1336 f.
344 1300 399 1319 -
429 1256 654 1358 longitudo
687 1256 752 1360 872
770 1259 860 1332 -4
890 1254 1089 1331 linearum.
1144 1245 1274 1359 Caput

210 1385 331 1458 muris
345 1379 470 1483 palpis
490 1377 607 1455 fuscis
626 1390 692 1452 aut
711 1374 1017 1463 flavescentibus,
1044 1375 1273 1452 mandibulis

208 1500 308 1577 facie
328 1514 368 1578 et
390 1498 525 1575 orbitis
553 1496 753 1573 oculorum
779 1496 954 1573 omnihus
979 1496 1102 1585 flavin
1128 1495 1275 1571 mandi·

210 1620 385 1696 baiarum
408 1618 488 1694 basi
511 1633 551 1694 et
573 1616 698 1719 apice,
728 1616 829 1694 linea
850 1615 1118 1718 longitudinali
1141 1617 1273 1692 abbre-

210 1741 310 1818 viata
323 1739 452 1828 faciei,
479 1737 669 1812 interdum
684 1759 836 1838 quoque
856 1738 1009 1840 punctis
1024 1735 1173 1813 duobus
1189 1751 1275 1812 ante

212 1863 408 1964 clypeum,
438 1857 572 1961 nigris3
589 1857 766 1960 feminae
790 1858 928 1960 clypeo
954 1855 1061 1935 fulvo
1079 1871 1145 1933 aut
1166 1841 1273 1944 flavoss

212 1981 347 2056 orbitis
362 1978 561 2056 oculorum
575 1976 744 2066 internis,
760 1977 822 2054 vel
837 1977 952 2053 etiam
965 1979 1141 2066 externis,
1150 1979 1270 2056 flavis.

210 2095 922 2200 Antennoemurisfnscoferrugineae3
951 2101 1082 2175 subtus
1102 2099 1273 2176 articulis

214 2228 234 2298 1
265 2233 305 2295 et
332 2228 358 2298 2
387 2213 639 2307 albidoflavis,
668 2221 753 2296 4et
776 2219 1021 2323 sequentibus
1046 2219 1272 2324 ferrugineis

210 2339 276 2416 aut
289 2335 502 2416 subfulvisj
541 2337 711 2416 Thorax
732 2350 771 2412 et
789 2341 878 2416 ulae
896 2339 993 2416 sicut
1014 2339 1054 2415 in
1068 2343 1195 2445 specie
1211 2367 1274 2443 ge·

212 2461 347 2548 nuina3
379 2455 483 2533 eollo
512 2455 625 2532 maris
653 2457 764 2532 flavo
817 2459 1033 2538 Scutelfum
1059 2459 1123 2536 vel
1147 2475 1273 2536 totum

212 2579 367 2669 flavum,
395 2576 457 2655 vel
483 2577 610 2653 medio
638 2575 762 2677 nigro,
787 2574 950 2655 feminae
979 2579 1169 2657 interdum
1190 2579 1273 2656 solo

213 2699 322 2803 apice
332 2701 442 2774 flavo.
499 2695 621 2774 Pedes
634 2697 739 2772 coxis
755 2696 882 2799 nigris,
910 2698 1071 2777 feminae
1084 2701 1272 2778 interdum

210 2821 347 2897 anticis
360 2818 492 2895 subtus
507 2819 631 2906 flavis,
657 2811 752 2892 mari
771 2833 896 2895 autem
913 2820 1165 2896 anterioribus
1178 2847 1273 2896 sem-

212 2967 281 3045 per
301 2941 432 3016 subtus
451 2938 576 3026 flavis,
601 2936 906 3016 trochanteribus
928 2939 1180 3017 anterioribus
1207 2942 1273 3015 fla-

212 3062 279 3154 vis,
305 3060 387 3138 basi
397 3057 510 3134 maris
524 3058 630 3134 fusca
644 3057 808 3136 feminae
820 3061 935 3164 nigra,
961 3059 1096 3137 mediis
1111 3058 1274 3137 feminae

213 3181 403 3260 interdurn
424 3179 516 3256 totis
539 3177 670 3281 nigris,
698 3181 855 3282 posticis
882 3183 976 3256 mari
1004 3180 1273 3283 fuseoferrugi-

212 3301 294 3377 neis
318 3301 480 3378 feminae
507 3301 600 3375 totis
628 3300 762 3401 nigris3
787 3300 995 3379 femoribus
1021 3303 1271 3380 anterioribus

212 3420 336 3510 flavis,
363 3441 475 3524 supra
493 3421 587 3496 mari
607 3421 794 3497 subfuseis
814 3422 977 3499 feminae
993 3421 1128 3526 nigris,
1153 3421 1272 3526 posti-

211 3538 267 3614 cis
292 3539 410 3614 fusois
438 3555 504 3615 aut
530 3541 646 3642 nigris
670 3558 735 3618 aut
761 3541 1003 3645 ferrugineis,
1031 3543 1139 3646 apice
1160 3539 1272 3646 palli·

211 3658 337 3750 diore,
363 3659 528 3736 feminae
549 3662 739 3738 interdurn
759 3662 851 3738 totis
877 3663 1010 3766 nigris3
1030 3664 1136 3738 tibiis
1155 3662 1270 3746 flavis,

212 3779 376 3856 feminae
408 3780 597 3858 interdurn
630 3783 738 3872 rufis,
773 3783 932 3886 posticis
964 3799 1091 3861 autern
1124 3807 1272 3888 semper

212 3899 321 4002 apice
349 3899 476 4003 nigr03
502 3901 612 3977 tarsis
637 3905 746 3993 rufis,
773 3905 948 4008 posticis,
975 3906 1097 3982 rarius
1121 3928 1271 4012 quoque

212 4021 357 4112 mediis,
384 4021 446 4098 rel
461 4021 707 4100 articulorum
720 4023 829 4129 apice
841 4025 960 4117 fuson,
987 4027 1049 4104 vel
1064 4026 1180 4104 fuscis
1193 4021 1270 4100 basi
