2726 4634
480 235 673 288 Fatum
692 222 733 289 ·1.
1064 217 1140 294 876

83 416 284 489 exsertum,
320 397 552 478 exhibentes.
613 399 795 478 Feminae
814 398 906 476 mihi
936 415 1023 478 suut
1040 402 1139 476 indi-

82 523 189 598 vidua
210 521 317 623 apice
340 518 548 597 abdominis
563 521 747 598 crassiore
761 535 801 598 et
816 521 1021 612 obtusiore,
1047 521 1141 598 licet

82 641 248 720 antennis
269 639 524 742 longioribus,
558 639 758 745 minusque
780 641 982 734 involutis,
1014 641 1140 745 capite

82 762 307 864 thoraceque
327 762 554 863 plerumque
569 762 687 862 magis
709 763 926 865 variegatis,
953 761 1053 838 notis
1068 761 1140 836 ita·

82 908 168 984 que,
202 881 339 983 quibus
366 880 459 956 alias
486 905 606 956 mares
627 871 648 954 a
667 879 818 958 feminis
850 909 889 958 se
908 877 1140 983 distinguere

82 1001 219 1091 solent,
247 1026 268 1074 a
290 999 457 1078 maribus
484 999 672 1078 differant.
728 1003 886 1078 Factum
910 1027 992 1078 esse
1012 1015 1142 1104 posset

83 1137 138 1208 ut,
170 1119 242 1196 bac
262 1119 509 1208 distinctione
539 1147 712 1213 sexuum,
749 1121 987 1212 enutrissem,
1022 1147 1141 1224 eaque

81 1239 281 1331 individua,
299 1267 396 1343 quae
410 1265 480 1344 pro
496 1227 661 1322 maribus
677 1237 809 1332 habeo,
825 1239 988 1318 feminae
1003 1256 1140 1332 essent,

83 1377 118 1436 et
135 1361 219 1438 rice
240 1387 366 1450 versa3
392 1361 431 1435 id
452 1359 554 1463 quod
575 1375 747 1436 anatome
760 1375 800 1438 et
823 1361 1040 1465 disquisitio
1057 1388 1142 1466 par·
1196 1365 1203 1376 '

83 1481 173 1558 tium
191 1480 413 1583 genitalium
432 1480 663 1556 internarum
683 1479 856 1566 decidere
880 1481 1048 1563 deberet.

153 1605 372 1680 Praeterea
408 1627 521 1703 quae,
548 1599 595 1677 de
620 1599 806 1681 relatione
832 1599 1069 1687 Baucborum
1096 1599 1144 1673 ad

85 1723 242 1816 Bassos,
269 1719 339 1798 sub
362 1718 422 1796 his
443 1718 636 1810 adnotavi,
663 1719 801 1800 relatio
824 1746 955 1798 eorum
976 1719 1024 1796 ad
1037 1723 1144 1799 Ecce·
1241 1737 1249 1746 “

83 1855 206 1920 tostus
243 1825 569 1918 commemoranda
603 1855 679 1920 est:
710 1843 742 1918 A
774 1839 912 1920 borum
945 1840 1143 1948 speciebus

84 1963 205 2038 areola
223 1959 386 2062 majore,
412 1961 543 2063 quales
565 1975 653 2042 aaut
671 1963 719 2038 Ε.
730 1961 983 2064 fornicator,
1015 1964 1145 2040 cluva-

84 2095 164 2172 tor,
194 2084 413 2181 laevigatur
432 2093 504 2158 etc.
525 2079 668 2158 Banchi
688 2079 872 2162 differunt
898 2079 1061 2159 cellulae
1084 2079 1145 2160 in·

84 2199 228 2276 terioris
256 2225 373 2296 nervo
399 2199 580 2286 inferiore
612 2200 800 2286 exteriore
825 2197 927 2278 haud
953 2200 1143 2304 angulato,

86 2321 212 2396 aculeo
225 2317 504 2413 baudexsertO,
531 2320 731 2402 abdomine
745 2333 788 2399 ut
801 2318 1010 2422 plurimum
1025 2321 1145 2424 magis

86 2464 296 2543 compresso
321 2441 516 2543 magisque
544 2441 685 2532 sessili,
711 2439 824 2531 licet,
848 2437 921 2520 hac
946 2439 1146 2532 relatione,

86 2561 259 2638 Runcbus
271 2565 517 2654 macilentus,
545 2562 744 2639 abdomine
759 2559 968 2656 subsessili,
985 2561 1026 2638 in
1047 2561 1146 2638 Exe-

86 2693 193 2758 tastas
211 2681 371 2761 transire
392 2682 584 2770 videntum
610 2695 776 2764 attamen
793 2677 888 2764 baec
901 2679 1065 2786 species,
1086 2703 1147 2752 re·

86 2797 185 2902 liqua
213 2799 430 2882 ‚abdominis
465 2801 586 2884 forma
626 2815 666 2884 et
705 2799 870 2885 scutello
918 2798 1145 2886 acuminato,

87 2921 221 3024 potiori
240 2920 328 3023 jure
348 2922 397 3002 ad
416 2924 548 3000 Bassos
569 2921 744 3002 refertur.
797 2923 1009 3000 Exorastes
1026 2917 1146 3016 fulvi-

86 3065 164 3142 pes,
188 3057 347 3146 propter
360 3056 595 3145 segmentum
613 3041 778 3144 primum
793 3040 908 3118 latius
928 3052 968 3116 et
980 3035 1146 3124 brevius,

87 3161 236 3239 banchis
258 3163 559 3267 adpropinquat,
583 3161 743 3245 caeteris
765 3175 891 3242 autem
913 3157 1031 3264 magis
1053 3181 1145 3234 cou-

88 3282 182 3382 gruit
200 3311 289 3364 cum
310 3282 511 3366 Excussis.
1140 3276 1145 3288 ’

445 3652 785 3675 Μ
