<?xml version="1.0" encoding="UTF-8"?>
<!DOCTYPE html PUBLIC "-//W3C//DTD XHTML 1.0 Transitional//EN"
    "http://www.w3.org/TR/xhtml1/DTD/xhtml1-transitional.dtd">
<html xmlns="http://www.w3.org/1999/xhtml" xml:lang="en" lang="en">
 <head>
  <title>
</title>
<meta http-equiv="Content-Type" content="text/html;charset=utf-8" />
  <meta name='ocr-system' content='tesseract 3.04.00' />
  <meta name='ocr-capabilities' content='ocr_page ocr_carea ocr_par ocr_line ocrx_word'/>
</head>
<body>
  <div class='ocr_page' id='page_1' title='image "./ichneumonologia00cgrgoog_0119.png"; bbox 0 0 2668 4626; ppageno 0'>
   <div class='ocr_carea' id='block_1_1' title="bbox 224 228 842 316">
    <p class='ocr_par' dir='ltr' id='par_1_1' title="bbox 224 228 842 316">
     <span class='ocr_line' id='line_1_1' title="bbox 224 228 842 316; baseline -0.005 -12"><span class='ocrx_word' id='word_1_1' title='bbox 224 228 298 316; x_wconf 81' lang='lat'><strong>114&#39;</strong></span> <span class='ocrx_word' id='word_1_2' title='bbox 674 249 842 302; x_wconf 80' lang='lat' dir='ltr'><strong>rrurus</strong></span> 
     </span>
    </p>
   </div>
   <div class='ocr_carea' id='block_1_2' title="bbox 223 415 1311 4000">
    <p class='ocr_par' dir='ltr' id='par_1_2' title="bbox 223 415 1311 3388">
     <span class='ocr_line' id='line_1_2' title="bbox 223 415 1310 522; baseline -0.004 -24"><span class='ocrx_word' id='word_1_3' title='bbox 223 439 284 500; x_wconf 89' lang='lat' dir='ltr'><strong>tae</strong></span> <span class='ocrx_word' id='word_1_4' title='bbox 303 420 367 499; x_wconf 87' lang='lat' dir='ltr'><strong>vix</strong></span> <span class='ocrx_word' id='word_1_5' title='bbox 387 417 535 522; x_wconf 84' lang='lat' dir='ltr'><strong>sejungi</strong></span> <span class='ocrx_word' id='word_1_6' title='bbox 556 430 732 520; x_wconf 83' lang='lat' dir='ltr'><strong>possunt,</strong></span> <span class='ocrx_word' id='word_1_7' title='bbox 761 442 846 494; x_wconf 86' lang='lat' dir='ltr'><strong>narn</strong></span> <span class='ocrx_word' id='word_1_8' title='bbox 869 415 978 492; x_wconf 85' lang='lat' dir='ltr'><strong>unica</strong></span> <span class='ocrx_word' id='word_1_9' title='bbox 1000 430 1107 510; x_wconf 85' lang='lat' dir='ltr'><strong>nota,</strong></span> <span class='ocrx_word' id='word_1_10' title='bbox 1141 443 1220 522; x_wconf 87' lang='lat' dir='ltr'><strong>qua</strong></span> <span class='ocrx_word' id='word_1_11' title='bbox 1249 419 1310 494; x_wconf 88' lang='lat' dir='ltr'><strong>ab</strong></span> 
     </span>
     <span class='ocr_line' id='line_1_3' title="bbox 223 536 1310 641; baseline 0 -25"><span class='ocrx_word' id='word_1_12' title='bbox 223 542 302 617; x_wconf 92' lang='lat' dir='ltr'><strong>illis</strong></span> <span class='ocrx_word' id='word_1_13' title='bbox 324 540 519 628; x_wconf 87' lang='lat' dir='ltr'><strong>differunt,</strong></span> <span class='ocrx_word' id='word_1_14' title='bbox 551 536 723 616; x_wconf 85' lang='lat' dir='ltr'><strong>delectus</strong></span> <span class='ocrx_word' id='word_1_15' title='bbox 744 553 802 612; x_wconf 89' lang='lat' dir='ltr'><strong>est</strong></span> <span class='ocrx_word' id='word_1_16' title='bbox 823 538 989 628; x_wconf 88' lang='lat' dir='ltr'><strong>areolae,</strong></span> <span class='ocrx_word' id='word_1_17' title='bbox 1022 537 1132 641; x_wconf 88' lang='lat' dir='ltr'><strong>cujus</strong></span> <span class='ocrx_word' id='word_1_18' title='bbox 1159 555 1310 618; x_wconf 87' lang='lat' dir='ltr'><strong>autem</strong></span> 
     </span>
     <span class='ocr_line' id='line_1_4' title="bbox 223 657 1311 760; baseline -0.004 -22"><span class='ocrx_word' id='word_1_19' title='bbox 223 663 287 740; x_wconf 78' lang='lat' dir='ltr'><strong>viu</strong></span> <span class='ocrx_word' id='word_1_20' title='bbox 308 659 404 734; x_wconf 89' lang='lat' dir='ltr'><strong>ratio</strong></span> <span class='ocrx_word' id='word_1_21' title='bbox 424 659 553 734; x_wconf 90' lang='lat' dir='ltr'><strong>haberi</strong></span> <span class='ocrx_word' id='word_1_22' title='bbox 574 671 722 760; x_wconf 88' lang='lat' dir='ltr'><strong>potest,</strong></span> <span class='ocrx_word' id='word_1_23' title='bbox 747 682 834 731; x_wconf 91' lang='lat' dir='ltr'><strong>cum</strong></span> <span class='ocrx_word' id='word_1_24' title='bbox 856 657 1151 736; x_wconf 79' lang='lat' dir='ltr'><strong>mutabilitatem</strong></span> <span class='ocrx_word' id='word_1_25' title='bbox 1171 675 1215 736; x_wconf 87' lang='lat' dir='ltr'><strong>et</strong></span> <span class='ocrx_word' id='word_1_26' title='bbox 1238 661 1311 734; x_wconf 90' lang='lat' dir='ltr'><strong>in-</strong></span> 
     </span>
     <span class='ocr_line' id='line_1_5' title="bbox 225 777 1308 881; baseline -0.003 -23"><span class='ocrx_word' id='word_1_27' title='bbox 225 779 473 858; x_wconf 80' lang='lat' dir='ltr'><strong>constantiam</strong></span> <span class='ocrx_word' id='word_1_28' title='bbox 498 777 580 881; x_wconf 85' lang='lat' dir='ltr'><strong>ejus</strong></span> <span class='ocrx_word' id='word_1_29' title='bbox 608 777 757 878; x_wconf 88' lang='lat' dir='ltr'><strong>saepius</strong></span> <span class='ocrx_word' id='word_1_30' title='bbox 779 777 818 852; x_wconf 90' lang='lat' dir='ltr'><strong>in</strong></span> <span class='ocrx_word' id='word_1_31' title='bbox 849 777 935 854; x_wconf 90' lang='lat' dir='ltr'><strong>aliis</strong></span> <span class='ocrx_word' id='word_1_32' title='bbox 961 778 1136 868; x_wconf 84' lang='lat' dir='ltr'><strong>familiis,</strong></span> <span class='ocrx_word' id='word_1_33' title='bbox 1170 778 1308 855; x_wconf 88' lang='lat' dir='ltr'><strong>immo</strong></span> 
     </span>
     <span class='ocr_line' id='line_1_6' title="bbox 225 897 1309 999; baseline -0.002 -21"><span class='ocrx_word' id='word_1_34' title='bbox 225 903 365 979; x_wconf 77' lang='lat' dir='ltr'><strong>in&#39;uno</strong></span> <span class='ocrx_word' id='word_1_35' title='bbox 385 899 594 998; x_wconf 86' lang='lat' dir='ltr'><strong>eodemque</strong></span> <span class='ocrx_word' id='word_1_36' title='bbox 615 897 830 988; x_wconf 88' lang='lat' dir='ltr'><strong>individua,</strong></span> <span class='ocrx_word' id='word_1_37' title='bbox 858 897 934 999; x_wconf 84' lang='lat' dir='ltr'><strong>jam</strong></span> <span class='ocrx_word' id='word_1_38' title='bbox 948 898 1170 988; x_wconf 88' lang='lat' dir='ltr'><strong>viderimus,</strong></span> <span class='ocrx_word' id='word_1_39' title='bbox 1196 915 1245 974; x_wconf 84' lang='lat' dir='ltr'><strong>et</strong></span> <span class='ocrx_word' id='word_1_40' title='bbox 1260 897 1309 976; x_wconf 88' lang='lat' dir='ltr'><strong>in</strong></span> 
     </span>
     <span class='ocr_line' id='line_1_7' title="bbox 225 1015 1309 1126; baseline -0.006 -27"><span class='ocrx_word' id='word_1_41' title='bbox 225 1022 325 1126; x_wconf 81' lang='lat' dir='ltr'><strong>Eplt.</strong></span> <span class='ocrx_word' id='word_1_42' title='bbox 346 1015 538 1124; x_wconf 85' lang='lat' dir='ltr'><strong>pictipede</strong></span> <span class='ocrx_word' id='word_1_43' title='bbox 558 1018 684 1093; x_wconf 82' lang='lat' dir='ltr'><strong>areola</strong></span> <span class='ocrx_word' id='word_1_44' title='bbox 703 1018 775 1093; x_wconf 90' lang='lat' dir='ltr'><strong>ista</strong></span> <span class='ocrx_word' id='word_1_45' title='bbox 794 1017 1046 1093; x_wconf 89' lang='lat' dir='ltr'><strong>minutissima</strong></span> <span class='ocrx_word' id='word_1_46' title='bbox 1065 1034 1106 1094; x_wconf 86' lang='lat' dir='ltr'><strong>et</strong></span> <span class='ocrx_word' id='word_1_47' title='bbox 1124 1018 1208 1094; x_wconf 86' lang='lat' dir='ltr'><strong>lere</strong></span> <span class='ocrx_word' id='word_1_48' title='bbox 1225 1021 1309 1094; x_wconf 92' lang='lat' dir='ltr'><strong>ob-</strong></span> 
     </span>
     <span class='ocr_line' id='line_1_8' title="bbox 225 1136 1304 1241; baseline -0.004 -23"><span class='ocrx_word' id='word_1_49' title='bbox 225 1143 346 1218; x_wconf 89' lang='lat' dir='ltr'><strong>soleta</strong></span> <span class='ocrx_word' id='word_1_50' title='bbox 365 1139 426 1214; x_wconf 87' lang='lat' dir='ltr'><strong>sit.</strong></span> <span class='ocrx_word' id='word_1_51' title='bbox 478 1136 732 1239; x_wconf 87' lang='lat' dir='ltr'><strong>Aliquomodo</strong></span> <span class='ocrx_word' id='word_1_52' title='bbox 751 1155 878 1217; x_wconf 89' lang='lat' dir='ltr'><strong>tamen</strong></span> <span class='ocrx_word' id='word_1_53' title='bbox 896 1137 1304 1241; x_wconf 80' lang='lat' dir='ltr'><strong>proportio-longitu-</strong></span> 
     </span>
     <span class='ocr_line' id='line_1_9' title="bbox 225 1256 1306 1362; baseline -0.005 -23"><span class='ocrx_word' id='word_1_54' title='bbox 225 1262 325 1338; x_wconf 81' lang='lat' dir='ltr'><strong>dinis</strong></span> <span class='ocrx_word' id='word_1_55' title='bbox 351 1256 475 1334; x_wconf 86' lang='lat' dir='ltr'><strong>aculei</strong></span> <span class='ocrx_word' id='word_1_56' title='bbox 494 1273 622 1334; x_wconf 88' lang='lat' dir='ltr'><strong>notam</strong></span> <span class='ocrx_word' id='word_1_57' title='bbox 642 1258 913 1361; x_wconf 72' lang='lat' dir='ltr'><strong>diagnostioam</strong></span> <span class='ocrx_word' id='word_1_58' title='bbox 933 1259 1166 1362; x_wconf 84' lang='lat' dir='ltr'><strong>subpeditat,</strong></span> <span class='ocrx_word' id='word_1_59' title='bbox 1206 1287 1306 1334; x_wconf 88' lang='lat' dir='ltr'><strong>nam</strong></span> 
     </span>
     <span class='ocr_line' id='line_1_10' title="bbox 225 1377 1307 1483; baseline -0.004 -25"><span class='ocrx_word' id='word_1_60' title='bbox 225 1377 579 1483; x_wconf 83' lang='lat' dir='ltr'><strong>Polyspbinctarum</strong></span> <span class='ocrx_word' id='word_1_61' title='bbox 612 1379 756 1479; x_wconf 86' lang='lat' dir='ltr'><strong>species</strong></span> <span class='ocrx_word' id='word_1_62' title='bbox 784 1378 986 1456; x_wconf 92' lang='lat' dir='ltr'><strong>abdomine</strong></span> <span class='ocrx_word' id='word_1_63' title='bbox 1018 1379 1135 1480; x_wconf 83' lang='lat' dir='ltr'><strong>longo</strong></span> <span class='ocrx_word' id='word_1_64' title='bbox 1164 1379 1307 1480; x_wconf 84' lang='lat' dir='ltr'><strong>cylin-</strong></span> 
     </span>
     <span class='ocr_line' id='line_1_11' title="bbox 226 1497 1303 1601; baseline -0.002 -25"><span class='ocrx_word' id='word_1_65' title='bbox 226 1501 346 1588; x_wconf 74' lang='lat' dir='ltr'><strong>drino,</strong></span> <span class='ocrx_word' id='word_1_66' title='bbox 368 1521 464 1599; x_wconf 89' lang='lat' dir='ltr'><strong>quae</strong></span> <span class='ocrx_word' id='word_1_67' title='bbox 477 1522 566 1598; x_wconf 84' lang='lat' dir='ltr'><strong>ergo</strong></span> <span class='ocrx_word' id='word_1_68' title='bbox 580 1497 625 1572; x_wconf 90' lang='lat' dir='ltr'><strong>ad</strong></span> <span class='ocrx_word' id='word_1_69' title='bbox 640 1497 835 1600; x_wconf 85' lang='lat' dir='ltr'><strong>Ephialtas</strong></span> <span class='ocrx_word' id='word_1_70' title='bbox 848 1497 981 1575; x_wconf 80' lang='lat' dir='ltr'><strong>referri</strong></span> <span class='ocrx_word' id='word_1_71' title='bbox 994 1513 1150 1601; x_wconf 83' lang='lat' dir='ltr'><strong>possent</strong></span> <span class='ocrx_word' id='word_1_72' title='bbox 1177 1499 1238 1598; x_wconf 90' lang='lat' dir='ltr'><strong>(e.</strong></span> <span class='ocrx_word' id='word_1_73' title='bbox 1262 1525 1303 1600; x_wconf 85' lang='lat' dir='ltr'><strong>g.</strong></span> 
     </span>
     <span class='ocr_line' id='line_1_12' title="bbox 227 1616 1305 1716; baseline -0.005 -17"><span class='ocrx_word' id='word_1_74' title='bbox 227 1624 311 1700; x_wconf 91' lang='lat' dir='ltr'><strong>Pol.</strong></span> <span class='ocrx_word' id='word_1_75' title='bbox 334 1616 556 1716; x_wconf 84' lang='lat' dir='ltr'><strong>tuberoso),</strong></span> <span class='ocrx_word' id='word_1_76' title='bbox 588 1617 769 1694; x_wconf 81' lang='lat' dir='ltr'><strong>differunt</strong></span> <span class='ocrx_word' id='word_1_77' title='bbox 794 1619 927 1695; x_wconf 87' lang='lat' dir='ltr'><strong>aculeo</strong></span> <span class='ocrx_word' id='word_1_78' title='bbox 956 1621 1021 1697; x_wconf 80' lang='lat' dir='ltr'><strong>vix</strong></span> <span class='ocrx_word' id='word_1_79' title='bbox 1043 1616 1195 1694; x_wconf 90' lang='lat' dir='ltr'><strong>dimidii</strong></span> <span class='ocrx_word' id='word_1_80' title='bbox 1230 1620 1305 1694; x_wconf 89' lang='lat' dir='ltr'><strong>ab·</strong></span> 
     </span>
     <span class='ocr_line' id='line_1_13' title="bbox 226 1736 1305 1841; baseline -0.004 -25"><span class='ocrx_word' id='word_1_81' title='bbox 226 1736 656 1838; x_wconf 83' lang='lat' dir='ltr'><strong>dominislongitudine;</strong></span> <span class='ocrx_word' id='word_1_82' title='bbox 683 1737 828 1841; x_wconf 84' lang='lat' dir='ltr'><strong>species</strong></span> <span class='ocrx_word' id='word_1_83' title='bbox 847 1753 973 1816; x_wconf 90' lang='lat' dir='ltr'><strong>autem</strong></span> <span class='ocrx_word' id='word_1_84' title='bbox 986 1736 1186 1812; x_wconf 91' lang='lat' dir='ltr'><strong>abdomine</strong></span> <span class='ocrx_word' id='word_1_85' title='bbox 1206 1737 1305 1812; x_wconf 91' lang='lat' dir='ltr'><strong>bre·</strong></span> 
     </span>
     <span class='ocr_line' id='line_1_14' title="bbox 227 1855 1303 1959; baseline -0.007 -21"><span class='ocrx_word' id='word_1_86' title='bbox 227 1862 333 1938; x_wconf 82' lang='lat' dir='ltr'><strong>viora</strong></span> <span class='ocrx_word' id='word_1_87' title='bbox 367 1858 471 1957; x_wconf 85' lang='lat' dir='ltr'><strong>(Pol.</strong></span> <span class='ocrx_word' id='word_1_88' title='bbox 505 1856 782 1959; x_wconf 81' lang='lat' dir='ltr'><strong>cardonator),</strong></span> <span class='ocrx_word' id='word_1_89' title='bbox 821 1858 996 1934; x_wconf 84' lang='lat' dir='ltr'><strong>aculeum</strong></span> <span class='ocrx_word' id='word_1_90' title='bbox 1023 1855 1137 1932; x_wconf 85' lang='lat' dir='ltr'><strong>babet</strong></span> <span class='ocrx_word' id='word_1_91' title='bbox 1164 1857 1303 1934; x_wconf 89' lang='lat' dir='ltr'><strong>multo</strong></span> 
     </span>
     <span class='ocr_line' id='line_1_15' title="bbox 226 1977 1303 2080; baseline -0.006 -21"><span class='ocrx_word' id='word_1_92' title='bbox 226 1979 440 2066; x_wconf 84' lang='lat' dir='ltr'><strong>breviorem</strong></span> <span class='ocrx_word' id='word_1_93' title='bbox 460 2003 572 2078; x_wconf 90' lang='lat' dir='ltr'><strong>quam</strong></span> <span class='ocrx_word' id='word_1_94' title='bbox 599 1979 744 2080; x_wconf 86' lang='lat' dir='ltr'><strong>species</strong></span> <span class='ocrx_word' id='word_1_95' title='bbox 766 1977 965 2054; x_wconf 90' lang='lat' dir='ltr'><strong>abdomine</strong></span> <span class='ocrx_word' id='word_1_96' title='bbox 989 1977 1164 2054; x_wconf 83' lang='lat' dir='ltr'><strong>breviore</strong></span> <span class='ocrx_word' id='word_1_97' title='bbox 1191 1977 1303 2052; x_wconf 91' lang='lat' dir='ltr'><strong>Pim-</strong></span> 
     </span>
     <span class='ocr_line' id='line_1_16' title="bbox 226 2097 1302 2207; baseline -0.004 -31"><span class='ocrx_word' id='word_1_98' title='bbox 226 2103 387 2207; x_wconf 88' lang='lat' dir='ltr'><strong>plarum,</strong></span> <span class='ocrx_word' id='word_1_99' title='bbox 414 2097 544 2198; x_wconf 90' lang='lat' dir='ltr'><strong>quales</strong></span> <span class='ocrx_word' id='word_1_100' title='bbox 565 2100 820 2201; x_wconf 84' lang='lat' dir='ltr'><strong>suntPimpla</strong></span> <span class='ocrx_word' id='word_1_101' title='bbox 829 2097 1044 2193; x_wconf 77' lang='lat' dir='ltr'><strong>flavianus,</strong></span> <span class='ocrx_word' id='word_1_102' title='bbox 1068 2103 1302 2197; x_wconf 82' lang='lat' dir='ltr'><strong>instigator,</strong></span> 
     </span>
     <span class='ocr_line' id='line_1_17' title="bbox 228 2217 1302 2320; baseline -0.012 -19"><span class='ocrx_word' id='word_1_103' title='bbox 228 2226 480 2302; x_wconf 79' lang='lat' dir='ltr'><strong>examinator</strong></span> <span class='ocrx_word' id='word_1_104' title='bbox 513 2233 585 2295; x_wconf 88' lang='lat' dir='ltr'><strong>eto.</strong></span> <span class='ocrx_word' id='word_1_105' title='bbox 646 2218 719 2295; x_wconf 85' lang='lat' dir='ltr'><strong>Sed</strong></span> <span class='ocrx_word' id='word_1_106' title='bbox 738 2219 901 2295; x_wconf 83' lang='lat' dir='ltr'><strong>feminae</strong></span> <span class='ocrx_word' id='word_1_107' title='bbox 921 2219 1004 2294; x_wconf 87' lang='lat' dir='ltr'><strong>Pol.</strong></span> <span class='ocrx_word' id='word_1_108' title='bbox 1032 2217 1231 2320; x_wconf 78' lang='lat' dir='ltr'><strong>varipedr&#39;s</strong></span> <span class='ocrx_word' id='word_1_109' title='bbox 1259 2231 1302 2290; x_wconf 91' lang='lat' dir='ltr'><strong>et</strong></span> 
     </span>
     <span class='ocr_line' id='line_1_18' title="bbox 229 2337 1301 2427; baseline -0.009 -5"><span class='ocrx_word' id='word_1_110' title='bbox 229 2342 510 2427; x_wconf 81' lang='lat' dir='ltr'><strong>multicoloris‚·</strong></span> <span class='ocrx_word' id='word_1_111' title='bbox 531 2337 731 2416; x_wconf 83' lang='lat' dir='ltr'><strong>abdomine</strong></span> <span class='ocrx_word' id='word_1_112' title='bbox 744 2338 936 2426; x_wconf 88' lang='lat' dir='ltr'><strong>breviore,</strong></span> <span class='ocrx_word' id='word_1_113' title='bbox 964 2337 1098 2414; x_wconf 87' lang='lat' dir='ltr'><strong>aculeo</strong></span> <span class='ocrx_word' id='word_1_114' title='bbox 1112 2339 1194 2414; x_wconf 85' lang='lat' dir='ltr'><strong>lere</strong></span> <span class='ocrx_word' id='word_1_115' title='bbox 1208 2337 1301 2413; x_wconf 91' lang='lat' dir='ltr'><strong>lon·</strong></span> 
     </span>
     <span class='ocr_line' id='line_1_19' title="bbox 228 2454 1300 2568; baseline -0.008 -28"><span class='ocrx_word' id='word_1_116' title='bbox 228 2462 402 2568; x_wconf 84' lang='lat' dir='ltr'><strong>gitudine</strong></span> <span class='ocrx_word' id='word_1_117' title='bbox 425 2454 652 2548; x_wconf 87' lang='lat' dir='ltr'><strong>abdominis,</strong></span> <span class='ocrx_word' id='word_1_118' title='bbox 688 2458 772 2534; x_wconf 91' lang='lat' dir='ltr'><strong>solo</strong></span> <span class='ocrx_word' id='word_1_119' title='bbox 793 2457 947 2534; x_wconf 86' lang='lat' dir='ltr'><strong>delectu</strong></span> <span class='ocrx_word' id='word_1_120' title='bbox 967 2457 1117 2536; x_wconf 90' lang='lat' dir='ltr'><strong>areolae</strong></span> <span class='ocrx_word' id='word_1_121' title='bbox 1140 2485 1165 2534; x_wconf 86' lang='lat' dir='ltr'><strong>a</strong></span> <span class='ocrx_word' id='word_1_122' title='bbox 1192 2459 1300 2532; x_wconf 88' lang='lat' dir='ltr'><strong>Pim-</strong></span> 
     </span>
     <span class='ocr_line' id='line_1_20' title="bbox 227 2577 1300 2688; baseline -0.008 -29"><span class='ocrx_word' id='word_1_123' title='bbox 227 2584 304 2688; x_wconf 88' lang='lat' dir='ltr'><strong>plis</strong></span> <span class='ocrx_word' id='word_1_124' title='bbox 318 2577 519 2655; x_wconf 83' lang='lat' dir='ltr'><strong>discedunt</strong></span> <span class='ocrx_word' id='word_1_125' title='bbox 532 2591 572 2652; x_wconf 89' lang='lat' dir='ltr'><strong>et</strong></span> <span class='ocrx_word' id='word_1_126' title='bbox 583 2578 783 2654; x_wconf 84' lang='lat' dir='ltr'><strong>transitum</strong></span> <span class='ocrx_word' id='word_1_127' title='bbox 798 2579 843 2654; x_wconf 90' lang='lat' dir='ltr'><strong>ad</strong></span> <span class='ocrx_word' id='word_1_128' title='bbox 857 2577 922 2656; x_wconf 84' lang='lat' dir='ltr'><strong>ba&#39;s</strong></span> <span class='ocrx_word' id='word_1_129' title='bbox 942 2593 1086 2681; x_wconf 88' lang='lat' dir='ltr'><strong>parant.</strong></span> <span class='ocrx_word' id='word_1_130' title='bbox 1101 2619 1154 2634; x_wconf 89' lang='grc'>-</span> <span class='ocrx_word' id='word_1_131' title='bbox 1178 2577 1300 2677; x_wconf 89' lang='lat' dir='ltr'><strong>Poly-</strong></span> 
     </span>
     <span class='ocr_line' id='line_1_21' title="bbox 227 2695 1300 2806; baseline -0.008 -26"><span class='ocrx_word' id='word_1_132' title='bbox 227 2701 424 2806; x_wconf 85' lang='lat' dir='ltr'><strong>sphiuetae</strong></span> <span class='ocrx_word' id='word_1_133' title='bbox 443 2695 557 2772; x_wconf 88' lang='lat' dir='ltr'><strong>etiam</strong></span> <span class='ocrx_word' id='word_1_134' title='bbox 576 2696 741 2799; x_wconf 88' lang='lat' dir='ltr'><strong>aliquam</strong></span> <span class='ocrx_word' id='word_1_135' title='bbox 760 2697 984 2774; x_wconf 73' lang='lat' dir='ltr'><strong>affinitatem</strong></span> <span class='ocrx_word' id='word_1_136' title='bbox 1001 2697 1141 2774; x_wconf 87' lang='lat' dir='ltr'><strong>habere</strong></span> <span class='ocrx_word' id='word_1_137' title='bbox 1158 2697 1300 2776; x_wconf 77' lang='lat' dir='ltr'><strong>viden-</strong></span> 
     </span>
     <span class='ocr_line' id='line_1_22' title="bbox 226 2815 1297 2920; baseline -0.007 -22"><span class='ocrx_word' id='word_1_138' title='bbox 226 2839 291 2898; x_wconf 88' lang='lat' dir='ltr'><strong>tur</strong></span> <span class='ocrx_word' id='word_1_139' title='bbox 311 2845 399 2896; x_wconf 85' lang='lat' dir='ltr'><strong>oum</strong></span> <span class='ocrx_word' id='word_1_140' title='bbox 423 2815 573 2904; x_wconf 79' lang='lat' dir='ltr'><strong>Boaris,</strong></span> <span class='ocrx_word' id='word_1_141' title='bbox 608 2819 672 2892; x_wconf 90' lang='lat' dir='ltr'><strong>sed</strong></span> <span class='ocrx_word' id='word_1_142' title='bbox 698 2833 892 2920; x_wconf 86' lang='lat' dir='ltr'><strong>praeterea</strong></span> <span class='ocrx_word' id='word_1_143' title='bbox 918 2819 1021 2920; x_wconf 92' lang='lat' dir='ltr'><strong>quod</strong></span> <span class='ocrx_word' id='word_1_144' title='bbox 1047 2833 1131 2894; x_wconf 91' lang='lat' dir='ltr'><strong>toto</strong></span> <span class='ocrx_word' id='word_1_145' title='bbox 1155 2815 1297 2894; x_wconf 90' lang='lat' dir='ltr'><strong>habitu</strong></span> 
     </span>
     <span class='ocr_line' id='line_1_23' title="bbox 226 2934 1297 3041; baseline -0.007 -23"><span class='ocrx_word' id='word_1_146' title='bbox 226 2941 421 3028; x_wconf 81' lang='lat' dir='ltr'><strong>differant,</strong></span> <span class='ocrx_word' id='word_1_147' title='bbox 448 2934 610 3012; x_wconf 82' lang='lat' dir='ltr'><strong>laminae</strong></span> <span class='ocrx_word' id='word_1_148' title='bbox 624 2961 777 3041; x_wconf 82' lang='lat' dir='ltr'><strong>quoque</strong></span> <span class='ocrx_word' id='word_1_149' title='bbox 790 2939 1029 3040; x_wconf 84' lang='lat' dir='ltr'><strong>longitudine</strong></span> <span class='ocrx_word' id='word_1_150' title='bbox 1041 2939 1184 3026; x_wconf 82' lang='lat' dir='ltr'><strong>aculei,</strong></span> <span class='ocrx_word' id='word_1_151' title='bbox 1214 2963 1297 3014; x_wconf 86' lang='lat' dir='ltr'><strong>ma-</strong></span> 
     </span>
     <span class='ocr_line' id='line_1_24' title="bbox 227 3054 1296 3160; baseline -0.01 -21"><span class='ocrx_word' id='word_1_152' title='bbox 227 3087 287 3140; x_wconf 84' lang='lat' dir='ltr'><strong>res</strong></span> <span class='ocrx_word' id='word_1_153' title='bbox 307 3075 433 3136; x_wconf 86' lang='lat' dir='ltr'><strong>autem</strong></span> <span class='ocrx_word' id='word_1_154' title='bbox 446 3054 648 3131; x_wconf 87' lang='lat' dir='ltr'><strong>abdomine</strong></span> <span class='ocrx_word' id='word_1_155' title='bbox 663 3056 778 3159; x_wconf 85' lang='lat' dir='ltr'><strong>longo</strong></span> <span class='ocrx_word' id='word_1_156' title='bbox 795 3058 1023 3160; x_wconf 83' lang='lat' dir='ltr'><strong>cylindrico‚</strong></span> <span class='ocrx_word' id='word_1_157' title='bbox 1048 3055 1296 3134; x_wconf 82' lang='lat' dir='ltr'><strong>transversim</strong></span> 
     </span>
     <span class='ocr_line' id='line_1_25' title="bbox 226 3175 1296 3269; baseline -0.007 -14"><span class='ocrx_word' id='word_1_158' title='bbox 226 3181 367 3269; x_wconf 85' lang='lat' dir='ltr'><strong>inciso,</strong></span> <span class='ocrx_word' id='word_1_159' title='bbox 397 3175 613 3266; x_wconf 89' lang='lat' dir='ltr'><strong>discedunt,</strong></span> <span class='ocrx_word' id='word_1_160' title='bbox 646 3203 732 3252; x_wconf 88' lang='lat' dir='ltr'><strong>nam</strong></span> <span class='ocrx_word' id='word_1_161' title='bbox 763 3203 884 3256; x_wconf 85' lang='lat' dir='ltr'><strong>mares</strong></span> <span class='ocrx_word' id='word_1_162' title='bbox 911 3177 1067 3256; x_wconf 91' lang='lat' dir='ltr'><strong>illorum</strong></span> <span class='ocrx_word' id='word_1_163' title='bbox 1092 3179 1296 3254; x_wconf 84' lang='lat' dir='ltr'><strong>Bassorum</strong></span> 
     </span>
     <span class='ocr_line' id='line_1_26' title="bbox 228 3295 1295 3388; baseline -0.004 -14"><span class='ocrx_word' id='word_1_164' title='bbox 228 3296 429 3374; x_wconf 86' lang='lat' dir='ltr'><strong>abdomine</strong></span> <span class='ocrx_word' id='word_1_165' title='bbox 451 3295 691 3372; x_wconf 80' lang='lat' dir='ltr'><strong>transversim</strong></span> <span class='ocrx_word' id='word_1_166' title='bbox 710 3295 848 3388; x_wconf 86' lang='lat' dir='ltr'><strong>inciso,</strong></span> <span class='ocrx_word' id='word_1_167' title='bbox 880 3325 917 3374; x_wconf 87' lang='lat' dir='ltr'><strong>v.</strong></span> <span class='ocrx_word' id='word_1_168' title='bbox 940 3323 975 3375; x_wconf 84' lang='lat' dir='ltr'><strong>o.</strong></span> <span class='ocrx_word' id='word_1_169' title='bbox 997 3299 1112 3376; x_wconf 82' lang='lat' dir='ltr'><strong>Bassi</strong></span> <span class='ocrx_word' id='word_1_170' title='bbox 1129 3299 1295 3381; x_wconf 83' lang='lat' dir='ltr'><strong>zonarii,</strong></span> 
     </span>
    </p>

    <p class='ocr_par' dir='ltr' id='par_1_3' title="bbox 228 3413 1291 3516">
     <span class='ocr_line' id='line_1_27' title="bbox 228 3413 1291 3516; baseline -0.009 -20"><span class='ocrx_word' id='word_1_171' title='bbox 228 3413 729 3516; x_wconf 44' lang='lat' dir='ltr'><strong>laetatoriimaldosignati,</strong></span> <span class='ocrx_word' id='word_1_172' title='bbox 762 3416 946 3494; x_wconf 87' lang='lat' dir='ltr'><strong>abdomen</strong></span> <span class='ocrx_word' id='word_1_173' title='bbox 965 3415 1108 3496; x_wconf 86' lang='lat' dir='ltr'><strong>habent</strong></span> <span class='ocrx_word' id='word_1_174' title='bbox 1125 3415 1291 3500; x_wconf 90' lang='lat' dir='ltr'><strong>brevius,</strong></span> 
     </span>
    </p>

    <p class='ocr_par' dir='ltr' id='par_1_4' title="bbox 228 3535 1292 3639">
     <span class='ocr_line' id='line_1_28' title="bbox 228 3535 1292 3639; baseline -0.002 -27"><span class='ocrx_word' id='word_1_175' title='bbox 228 3561 301 3614; x_wconf 85' lang='lat' dir='ltr'><strong>neo</strong></span> <span class='ocrx_word' id='word_1_176' title='bbox 332 3535 583 3639; x_wconf 81' lang='lat' dir='ltr'><strong>cylindricum</strong></span> <span class='ocrx_word' id='word_1_177' title='bbox 610 3537 676 3612; x_wconf 88' lang='lat' dir='ltr'><strong>sed</strong></span> <span class='ocrx_word' id='word_1_178' title='bbox 703 3535 822 3637; x_wconf 79' lang='lat' dir='ltr'><strong>magis</strong></span> <span class='ocrx_word' id='word_1_179' title='bbox 848 3537 1079 3638; x_wconf 87' lang='lat' dir='ltr'><strong>depressum.</strong></span> <span class='ocrx_word' id='word_1_180' title='bbox 1113 3581 1167 3596; x_wconf 88' lang='lat'>-</span> <span class='ocrx_word' id='word_1_181' title='bbox 1205 3537 1292 3612; x_wconf 87' lang='lat' dir='ltr'><strong>Pol.</strong></span> 
     </span>
    </p>

    <p class='ocr_par' dir='ltr' id='par_1_5' title="bbox 227 3655 1291 3762">
     <span class='ocr_line' id='line_1_29' title="bbox 227 3655 1291 3762; baseline -0.008 -26"><span class='ocrx_word' id='word_1_182' title='bbox 227 3662 538 3762; x_wconf 81' lang='lat' dir='ltr'><strong>percontatoria,</strong></span> <span class='ocrx_word' id='word_1_183' title='bbox 566 3655 713 3732; x_wconf 85' lang='lat' dir='ltr'><strong>ratione</strong></span> <span class='ocrx_word' id='word_1_184' title='bbox 733 3656 856 3744; x_wconf 82' lang='lat' dir='ltr'><strong>nervi,</strong></span> <span class='ocrx_word' id='word_1_185' title='bbox 888 3656 1047 3734; x_wconf 85' lang='lat' dir='ltr'><strong>cellulas</strong></span> <span class='ocrx_word' id='word_1_186' title='bbox 1068 3659 1159 3735; x_wconf 89' lang='lat' dir='ltr'><strong>duas</strong></span> <span class='ocrx_word' id='word_1_187' title='bbox 1183 3655 1291 3733; x_wconf 92' lang='lat' dir='ltr'><strong>cubi-</strong></span> 
     </span>
    </p>

    <p class='ocr_par' dir='ltr' id='par_1_6' title="bbox 228 3771 1290 3881">
     <span class='ocr_line' id='line_1_30' title="bbox 228 3771 1290 3881; baseline -0.005 -27"><span class='ocrx_word' id='word_1_188' title='bbox 228 3778 325 3854; x_wconf 84' lang='lat' dir='ltr'><strong>tales</strong></span> <span class='ocrx_word' id='word_1_189' title='bbox 352 3775 602 3878; x_wconf 84' lang='lat' dir='ltr'><strong>sejungentis,</strong></span> <span class='ocrx_word' id='word_1_190' title='bbox 635 3777 869 3881; x_wconf 82' lang='lat' dir='ltr'><strong>Xylo&#39;nomis</strong></span> <span class='ocrx_word' id='word_1_191' title='bbox 885 3778 1040 3879; x_wconf 81' lang='lat' dir='ltr'><strong>analoga</strong></span> <span class='ocrx_word' id='word_1_192' title='bbox 1061 3793 1136 3869; x_wconf 87' lang='lat' dir='ltr'><strong>est,</strong></span> <span class='ocrx_word' id='word_1_193' title='bbox 1163 3803 1185 3853; x_wconf 88' lang='lat' dir='ltr'><strong>a</strong></span> <span class='ocrx_word' id='word_1_194' title='bbox 1205 3771 1290 3877; x_wconf 91' lang='lat' dir='ltr'><strong>qui-</strong></span> 
     </span>
    </p>

    <p class='ocr_par' dir='ltr' id='par_1_7' title="bbox 227 3896 1100 4000">
     <span class='ocr_line' id='line_1_31' title="bbox 227 3896 1100 4000; baseline -0.001 -26"><span class='ocrx_word' id='word_1_195' title='bbox 227 3897 299 3974; x_wconf 90' lang='lat' dir='ltr'><strong>bus</strong></span> <span class='ocrx_word' id='word_1_196' title='bbox 325 3911 453 3974; x_wconf 88' lang='lat' dir='ltr'><strong>tameu</strong></span> <span class='ocrx_word' id='word_1_197' title='bbox 471 3896 597 4000; x_wconf 86' lang='lat' dir='ltr'><strong>capite</strong></span> <span class='ocrx_word' id='word_1_198' title='bbox 618 3921 736 3998; x_wconf 84' lang='lat' dir='ltr'><strong>parvo</strong></span> <span class='ocrx_word' id='word_1_199' title='bbox 757 3911 829 3978; x_wconf 81' lang='lat' dir='ltr'><strong>eto.</strong></span> <span class='ocrx_word' id='word_1_200' title='bbox 850 3897 939 3972; x_wconf 86' lang='lat' dir='ltr'><strong>satis</strong></span> <span class='ocrx_word' id='word_1_201' title='bbox 958 3897 1100 3975; x_wconf 83' lang='lat' dir='ltr'><strong>differt.</strong></span> 
     </span>
    </p>
   </div>
   <div class='ocr_carea' id='block_1_3' title="bbox 0 0 1343 4626">
    <p class='ocr_par' dir='ltr' id='par_1_8' title="bbox 0 0 1343 4626">
     <span class='ocr_line' id='line_1_32' title="bbox 0 0 1343 4626; baseline 0 0"><span class='ocrx_word' id='word_1_202' title='bbox 0 0 1343 4626; x_wconf 95' lang='lat' dir='ltr'><strong> </strong></span> 
     </span>
    </p>
   </div>
  </div>
 </body>
</html>
