2724 4630
243 212 319 284 302
654 224 890 278 mutuatos.

243 388 415 480 tertium,
443 387 558 491 idque
571 389 731 468 maculis
751 389 857 468 flavis
869 391 1135 472 metathorsois
1154 411 1200 474 ⁴et
1212 413 1306 478 ante

244 511 448 588 scutellum
460 510 624 612 insigne,
652 509 763 587 Dant
776 513 1023 605 exAustrio,
1049 514 1118 590 sub
1139 518 1307 596 nomini-

242 632 313 708 bus
334 629 442 709 Iclm.
461 636 689 710 cinctotorr's
708 631 831 734 ziegl.
853 634 1306 740 otLampridirsronta.

242 756 293 834 lo
318 752 440 852 ziegl.
466 777 615 828 mecum
631 751 935 830 communicavit.

634 1008 910 1110 Synouyms:

245 1161 353 1240 lehn.
376 1166 622 1239 micrutorius
642 1159 752 1236 Fabr.
775 1161 875 1237 Piez.
896 1189 935 1264 p.
959 1171 1025 1255 62,
1060 1193 1096 1242 n.
1121 1171 1181 1246 41.

293 1339 315 1372 ,,
369 1281 519 1357 Thunb
541 1279 666 1371 lehn„
694 1309 729 1356 n.
758 1282 845 1359 558.

244 1401 435 1482 Peltortes
455 1407 703 1479 micrutorius
725 1401 859 1502 llliger
884 1399 926 1476 in
951 1401 1072 1478 Rossii
1094 1403 1221 1482 Fauna
1250 1409 1302 1502 II,

453 1549 491 1626 p.
520 1525 581 1600 55.

243 1643 443 1746 Metopius
462 1647 710 1732 mirratorr’us
727 1641 906 1744 Trentep.
922 1639 963 1717 in
975 1644 1085 1720 Isidis
1101 1653 1210 1739 1826,
1229 1648 1302 1742 III,

452 1788 490 1864 p.
519 1767 608 1840 sos.

493 2033 629 2110 Nota:

319 2185 452 2290 Illiger
493 2143 589 2264 hano
634 2185 799 2267 Fabricii
848 2141 1012 2290 spetiem
1042 2215 1144 2268 oum
1188 2195 1301 2273 chn.

243 2315 485 2408 variegatam
504 2308 635 2388 Rossii,
653 2308 791 2399 Faun,
826 2335 861 2400 u,
884 2317 960 2388 772
986 2311 1198 2412 conjunxit,
1233 2317 1301 2417 qui

243 2443 366 2506 autem
389 2428 513 2504 fronte
537 2429 649 2518 flava,
676 2429 824 2506 macula
844 2428 975 2513 media,
991 2431 1097 2532 nigra
1124 2434 1183 2530 (in
1200 2436 1304 2512 Fou-

242 2575 312 2626 nae
326 2549 384 2626 ed.
403 2556 518 2635 1790,
545 2547 620 2624 tab.
656 2547 712 2664 11Ξ
734 2549 796 2649 fig.
816 2557 863 2628 13
882 2563 997 2650 osput
1008 2564 1133 2626 totum
1151 2551 1303 2654 nigrum

242 2670 331 2768 est),
354 2668 809 2770 segmentorumomnium
822 2667 1049 2768 marginibus
1065 2671 1303 2776 pedibusque

241 2790 358 2880 flavis,
381 2787 567 2864 semorum
581 2787 662 2863 basi
690 2787 860 2887 (conisi)
887 2788 1002 2888 nigra
1018 2789 1157 2866 differt.
1192 2796 1303 2872 bosri

241 2909 333 2986 huio
365 2905 611 2982 Ichneumoni
644 2907 828 2982 abdomen
866 2907 1002 2984 tribuit
1034 2937 1302 3011 compressum,

243 3029 347 3134 quod
373 3028 522 3128 Illiger,
553 3023 601 3103 iu
614 3024 783 3108 editione
802 3027 981 3119 secunda,
1015 3027 1056 3111 in
1083 3028 1304 3131 depressum

240 3147 497 3226 commutavit.
530 3185 583 3202 --
612 3145 721 3224 Iulus
749 3147 949 3230 lunularm
974 3148 1115 3230 vitem
1141 3175 1180 3250 p.
1209 3159 1302 3243 008,

240 3299 278 3347 ιι.
307 3273 384 3348 224
414 3279 452 3342 et
479 3263 627 3340 Olivier
651 3291 688 3367 p.
711 3275 805 3357 219,
833 3293 869 3342 n.
899 3273 968 3358 74,
996 3295 1065 3345 uso
1086 3292 1164 3346 nou
1190 3270 1300 3348 lehn.

240 3394 462 3488 variegator
487 3383 635 3460 Olivier
654 3410 692 3486 p.
720 3392 811 3484 191,
838 3414 876 3462 ιι.
902 3392 992 3476 140,
1020 3387 1085 3490 qui
1108 3388 1154 3462 ad
1170 3391 1299 3468 sossii

240 3515 520 3607 variegatorem
542 3501 702 3579 adhibiti
721 3520 825 3595 sunt,
852 3521 1020 3579 anostra
1043 3509 1169 3608 specio
1187 3509 1302 3586 diffe.

239 3643 329 3706 runt
350 3622 550 3728 segmentis
572 3623 745 3698 omnibus
773 3624 1105 3725 flavomarginstis,
1139 3628 1300 3729 pedibus

240 3745 362 3836 flavis,
396 3742 602 3820 semoribus
625 3743 900 3847 posterioribus
920 3742 1122 3845 aliquoties
1150 3747 1301 3826 interne

239 3861 588 3943 fusto-maculatis.
617 3903 668 3918 -
694 3863 836 3938 Forsan
853 3878 977 3939 autem
998 3888 1128 3942 omnes
1150 3865 1191 3940 hi
1213 3865 1303 3942 Ich·

239 4007 444 4064 neumones
459 3981 656 4060 varietates
670 3998 759 4060 sunt
770 3982 881 4060 unius
894 3980 1139 4086 ejusdemque
1145 3985 1303 4088 speciei,
