2776 4628
652 213 818 268 oratori

459 430 481 450 ''
541 415 646 501 136
668 418 928 494 crurium.

407 545 601 660 Testacens,
618 526 747 666 aculis
736 576 874 684 fuscis·²
892 559 995 646 nerrb
1017 575 1175 644 interiore
1198 571 1270 640 cel·

1379 1039 1380 1096 3

352 677 497 747 lulac
519 672 659 786 radialis
676 657 781 748 rocio,
821 678 967 788 mss.

775 773 792 802 ι
870 790 874 800 .
1003 783 1006 794 ·
1103 783 1216 836 ιιι.

285 854 455 934 Statura
477 869 516 932 et
531 853 738 957 proportio
745 851 914 958 partium
934 849 1037 946 utin
1057 846 1196 952 specie
1195 873 1271 938 rur
1379 819 1380 924 3

159 1059 164 1070 ,
206 975 416 1052 tecedente.
490 1027 494 1039 ·
569 1023 572 1033 ·
628 1013 632 1020 ·
696 1019 709 1028 ι·
790 1032 816 1050 ...

284 1091 513 1193 Longitucio
529 1063 642 1176 maris
668 1099 800 1180 6—-9‚
827 1028 991 1169 feminae
1007 1027 1126 1180 4--9
1147 1015 1270 1179 linen-
1379 1113 1380 1194 ζ

207 1239 302 1288 ιιιιιι.
357 1217 487 1315 Caput
505 1208 699 1312 plerisque
725 1225 855 1298 totum
872 1210 1035 1300 rufum,
1046 1235 1113 1288 seu
1130 1207 1268 1294 orbitis

208 1333 406 1408 oculorum
439 1331 597 1408 internis
630 1329 1197 1420 flaris;‚,rarius2flarum,=ore
1229 1343 1302 1404 et·
1379 1323 1380 1390 1

207 1451 322 1542 facie,
357 1450 524 1554 exeeptis
557 1449 690 1531 orbitis
724 1451 923 1533 oculorum
950 1448 1123 1538 internis,
1156 1447 1269 1538 rufis;

207 1569 395 1650 rarissime
414 1585 538 1648 totum
563 1571 718 1668 flavum
744 1571 971 1654 mandibulis
998 1569 1107 1672 apice
1129 1568 1273 1669 nigriss

208 1690 331 1766 oculis
364 1704 404 1766 et
439 1684 698 1768 stemmatibus
731 1690 848 1766 fuscis
882 1706 948 1774 aut
980 1687 1270 1790 nigricantibus.

208 1811 291 1910 (De
304 1808 380 1886 cris
393 1809 563 1914 partibus
575 1810 730 1888 consule
745 1826 887 1899 antam,
915 1807 1004 1887 huic
1018 1808 1161 1911 speciei
1177 1807 1270 1884 sub·

204 1930 407 2032 junctam).
459 1931 662 2011 Antemnae
679 1955 839 2032 corpore
859 1929 920 2006 rel
934 1927 1051 2032 paulo
1072 1927 1268 2030 longiores

205 2052 268 2128 vel
282 2051 396 2152 paulo
411 2047 613 2128 breviores.
669 2039 837 2131 Thorax
855 2065 1050 2130 testaceus.
1062 2063 1128 2131 aut
1146 2045 1268 2138 rufus,

204 2167 393 2244 rarissime
406 2167 759 2270 rulo-ferrugineus
775 2170 888 2254 lineis
901 2167 1046 2246 duabus
1059 2166 1269 2270 longitudi-

206 2287 355 2365 nalibus
370 2287 784 2391 pallidisprothoracis.
812 2291 1027 2387 Scutellum
1039 2288 1266 2390 plerumque

204 2407 381 2498 dilutius,
409 2433 679 2510 nonnunquam
691 2409 840 2500 flavum.
891 2405 1267 2510 Alaehyalinaeaut

203 2528 418 2606 sublumato
432 2571 450 2587 -
464 2525 658 2628 hyalince3
699 2528 874 2631 stigmate
912 2528 1019 2604 radio
1057 2527 1184 2604 radice
1224 2541 1264 2602 et

202 2649 400 2751 squamula
421 2644 537 2724 fulvis
565 2662 630 2725 aut
655 2649 849 2740 testaceis,
877 2648 1040 2724 cellulae
1070 2645 1262 2725 interioris

201 2793 318 2845 nervo
338 2766 533 2869 superiore
559 2766 745 2848 exteriore
764 2769 954 2846 rarissime
976 2767 1108 2868 stigma
1130 2791 1262 2842 versus
1379 2801 1380 2838 ι

199 2886 421 2974 incrassat03
448 2885 623 2990 plurimis
651 2903 776 2966 autem
797 2904 854 2968 est
873 2889 1127 2970 rudimentum
1154 2883 1262 2976 nervi

199 3006 401 3084 dividentis
428 3005 591 3082 cellulae
619 3007 827 3100 interioris,
855 3007 1045 3092 interdum
1068 3031 1187 3108 usque
1214 3005 1263 3083 ad

197 3125 375 3216 medium,
403 3127 523 3203 rarius
537 3125 636 3203 ultra
651 3128 828 3219 medium,
848 3127 961 3228 hujus
977 3127 1151 3216 cellulae,
1170 3149 1262 3227 pro·

198 3244 365 3322 ductum.
393 3243 595 3332 Abdomen
609 3261 827 3340 testaceum,
842 3247 962 3324 rarius
974 3246 1112 3338 rufum,
1126 3261 1262 3324 ventre
1379 3297 1380 3344 3

195 3351 421 3469 plerumque
434 3367 660 3456 luscescens,
682 3392 951 3471 nonnunquam
964 3392 1259 3471 quoqueversus
1379 3409 1380 3416 1

196 3484 342 3588 apicem
356 3483 569 3563 luscescens
582 3502 647 3562 aut
658 3487 857 3588 nigricans.
906 3491 1078 3567 Aculeus
1092 3487 1155 3564 vix
1169 3487 1262 3562 sub·
1379 3509 1380 3584 }

195 3617 380 3694 exsertus,
415 3605 614 3707 nigricans.
670 3605 849 3686 Genitnle
881 3609 1093 3684 masculum
1121 3605 1262 3682 subex-

194 3738 334 3800 sertum
363 3724 538 3802 conicum
566 3725 759 3817 obtusum,
787 3742 994 3806 testaceum
1023 3743 1089 3802 aut
1114 3727 1257 3804 rufum.

192 3841 312 3946 Supra
325 3844 498 3943 aculeum
513 3861 553 3922 et
566 3845 731 3947 genitale
743 3847 954 3936 masculum
966 3846 1058 3948 styli
1075 3873 1260 3927 exserun-
1379 3853 1380 3872 ¹

190 3973 255 4038 tur
267 3961 344 4048 duo
358 3963 572 4067 perbreves.
