2776 4628
319 219 487 270 ornrou
514 218 613 270 snm.
645 203 939 272 11.snn1sccs.
1084 203 1160 276 628

179 1233 308 1332 Caput
345 1244 614 1316 transversum,
655 1227 717 1302 vel
757 1225 1057 1322 breviusculnm,
1097 1231 1161 1308 vel

99 1351 233 1440 breve,
262 1347 404 1425 collum
415 1372 544 1424 versus
564 1344 680 1449 paulo
693 1361 941 1448 angustatum.
968 1353 1163 1430 -Oculi

101 1470 243 1546 ovales.
283 1509 336 1526 --
374 1471 578 1546 Antennue
614 1466 773 1567 graciles
813 1482 880 1542 aut
919 1468 1160 1571 subgraciles,

102 1591 310 1692 elongatae,
329 1603 523 1690 porrectae
537 1601 604 1662 aut
616 1585 722 1689 apice
736 1601 921 1664 curvatae.
948 1633 1000 1648 -
1026 1593 1087 1668 De
1101 1591 1160 1668 his

103 1709 203 1785 etde
215 1705 393 1812 portibus
404 1714 484 1784 oris
498 1706 668 1782 conferas
684 1723 810 1783 notam
824 1708 870 1782 ad
882 1710 920 1784 P.
939 1725 1158 1790 testaceum.

104 1829 272 1907 leorcae
285 1827 418 1930 gibbus
435 1843 499 1902 aut
511 1826 699 1930 gibbulus.
723 1871 775 1884 -
799 1829 1013 1910 Scutellum
1028 1831 1164 1934 gibbu-

102 1950 184 2024 lum
211 1948 521 2050 subtriangulare.
548 1991 602 2048 ··.
626 1949 729 2024 Aloe
755 1950 920 2052 amplae3
946 1954 1164 2058 areolautri-

102 2068 289 2170 angulari,
318 2069 440 2144 sessili
470 2083 535 2144 aut
553 2067 747 2181 petiolata.
776 2111 830 2126 -
854 2069 975 2148 Pedes
994 2075 1161 2179 elongati

103 2189 346 2288 subgraciles.
374 2229 427 2245 -·-
451 2187 651 2266 Abdomen
667 2187 979 2288 subpetiolatum,
1007 2193 1163 2273 thorace

107 2308 259 2411 longius
279 2323 318 2384 et
331 2309 534 2409 angustius,
561 2308 669 2382 laeve
690 2306 862 2400 nitidum,
889 2311 950 2386 vel
971 2339 1165 2418 compres-

104 2455 187 2504 sum
201 2428 312 2504 dorso
327 2429 504 2520 carinam,
533 2427 593 2504 vel
608 2426 934 2529 subcompressum
948 2430 1060 2509 dorso
1075 2435 1164 2510 sub-

104 2549 273 2625 carinato
294 2549 346 2647 (e.
370 2571 404 2648 g.
430 2549 473 2625 P.
490 2546 663 2648 uirgato)
673 2575 687 2633 ,·
713 2571 733 2620 a
753 2547 872 2624 latere
891 2548 1014 2627 visum
1032 2552 1165 2630 altitu-

102 2669 192 2744 dine
206 2667 352 2770 apicem
370 2693 498 2746 versus
513 2667 651 2744 sensim
665 2683 868 2744 crescente.
923 2669 1165 2771 Segmentum

102 2789 267 2892 primum
280 2787 426 2890 apicem
439 2813 566 2865 versus
583 2786 721 2863 sensim
739 2787 954 2878 dilatatum,
983 2791 1043 2865 vel
1057 2791 1165 2867 elon-

102 2923 249 3010 gatum,
283 2909 429 3009 petiolo
457 2905 675 3010 graciliore,
708 2906 917 2984 tuberculis
944 2909 1163 2988 lateralibus

103 3027 144 3102 in
159 3025 283 3101 medio
298 3026 390 3117 sitis,
405 3026 466 3102 vel
483 3026 644 3115 brevius,
666 3024 812 3128 petiolo
828 3029 1019 3118 crassiore,
1036 3031 1165 3108 tuber-

102 3145 200 3221 culis
226 3145 445 3222 lateralibus
473 3145 572 3220 inter
597 3145 703 3220 basin
728 3161 768 3222 et
793 3147 959 3222 medium
986 3149 1079 3225 sitis.
1112 3194 1166 3210 -·

102 3267 275 3344 Aculeus
304 3281 473 3342 exsertus
506 3264 644 3344 brevis.
676 3307 729 3322 -
761 3265 959 3346 Genitalis
992 3274 1165 3349 musculo

103 3385 298 3488 plerisque
311 3401 467 3476 exserta,
496 3386 565 3461 sub
578 3383 698 3461 forma
714 3385 804 3488 styli
817 3387 942 3463 brevis
957 3387 1089 3464 obtusi·
1099 3403 1165 3465 aut

102 3505 414 3606 corpusculorum
430 3504 664 3608 quorundam
679 3504 1084 3584 subbamulilormium.

182 3627 243 3700 De
284 3625 532 3700 relationibus
565 3625 805 3701 Paniscorum
837 3621 883 3700 ad
916 3629 1167 3731 Mesoleptos,

103 3745 357 3823 Mesochoros
381 3761 421 3820 et
447 3748 721 3845 Compopleges
747 3746 815 3820 sub
837 3745 896 3820 his
918 3745 992 3846 jam
1014 3749 1165 3826 locutus

105 3893 199 3941 sum.
228 3907 280 3922 -
305 3865 361 3939 Ab
374 3864 594 3952 Anomclis‚
612 3863 864 3965 Ophionibus,
885 3867 1052 3956 Macris,
1067 3873 1168 3944 Tro-

108 3983 288 4090 clrynctis
300 3998 340 4060 et
354 3985 564 4061 Cremastis
577 3983 723 4058 Panisci
738 3983 937 4061 discedunt
950 3983 1069 4061 forma
1083 4012 1167 4089 seg·
