2726 4634
510 213 703 264 rnntrnrs
729 197 756 264 I.
1089 199 1166 272 335

97 385 260 476 albidis,
292 377 500 460 femoribus
526 378 639 468 rufis,
673 375 780 454 tibiis
806 377 923 480 nigris
961 377 1041 454 basi
1069 377 1167 470 albo,

97 508 213 586 tarsis
229 503 360 606 nigris.
412 497 614 578 Abdomen
629 513 823 600 segmento
837 508 861 577 3
877 513 1020 600 puncto
1037 498 1167 577 albido

99 627 301 734 pellucido
329 621 370 696 in
391 618 537 720 angulis
557 619 701 694 baseos.
814 637 817 644 ·

178 749 306 823 Unum
332 765 471 815 marem
497 737 582 842 cepi
611 736 673 814 die
697 744 717 816 1
747 733 924 812 Octobris
956 737 997 813 in
1023 736 1168 816 rubetis

99 891 223 972 prope
253 857 499 942 Scheidnich.

352 1262 402 1323 11.
444 1251 480 1314 B.
503 1245 892 1316 PECTORATORIUS.
933 1270 969 1313 n.

307 1419 449 1486 Pedibus
471 1415 566 1498 rufis,
590 1415 679 1482 coxis
692 1417 912 1484 anterioribus
923 1413 1032 1498 flavis,
1055 1418 1167 1506 posti-

308 1543 424 1587 corum
450 1519 541 1584 tibiis
571 1515 654 1586 albis
684 1519 775 1606 apice
799 1521 897 1608 nigro
927 1518 1021 1585 tarsis
1045 1521 1165 1607 nigris3

309 1621 443 1688 thorace
470 1631 504 1686 et
526 1619 664 1688 scutello
687 1619 956 1708 rufo-flavoque
981 1621 1167 1710 variegatis.

307 1746 353 1790 rn.
377 1723 401 1789 f.
445 1725 533 1804 (mas
561 1721 643 1788 fecie
672 1725 888 1810 antennisque
917 1721 1029 1790 subtus
1058 1722 1167 1804 flariss

294 1826 431 1913 semina
452 1843 509 1890 ore
521 1835 554 1890 et
566 1823 682 1892 orbitis
702 1823 874 1892 oculorum
891 1823 1031 1892 internis
1049 1823 1168 1910 flavis).

179 2049 406 2153 Longituclo
426 2047 537 2126 moris
561 2047 742 2154 272-5,
769 2049 930 2128 feminae
954 2049 1162 2154 214-37,

103 2172 305 2250 linearum.
360 2175 491 2275 Caput
511 2179 631 2248 moris
646 2197 712 2247 ore
732 2186 771 2248 ct
790 2171 888 2250 facie
908 2173 1031 2266 flavis,
1048 2177 1172 2276 semi·

103 2321 179 2371 noe
198 2319 265 2370 ore
287 2307 327 2370 et
347 2292 480 2368 orbitis
502 2293 700 2370 oculorum
716 2290 890 2382 internis,
916 2293 979 2370 vel
1000 2294 1091 2370 totis
1106 2295 1170 2372 vel

104 2439 177 2518 pro
203 2430 330 2517 parte,
363 2411 507 2516 pallide
533 2411 658 2504 flavis,
690 2411 809 2488 rarius
836 2411 1028 2489 obsoletis.
1084 2417 1171 2494 An-

105 2549 245 2612 ternae
257 2521 465 2624 fililorr'nes,
493 2533 650 2608 dimidio
663 2557 822 2634 corpore
835 2534 950 2635 paulo
964 2535 1167 2636 longiores,
1204 2553 1206 2564 ’

105 2661 211 2730 mori
230 2654 360 2729 subtus
375 2667 478 2728 totae
491 2653 625 2743 flavae,
642 2656 820 2755 feminae
833 2655 1023 2732 interdum
1037 2653 1169 2730 subtus

105 2773 384 2862 subterraneae,
412 2772 574 2850 articulo
598 2783 785 2877 1semper
796 2789 879 2851 toto
893 2776 1013 2877 nigro,
1067 2773 1172 2850 Tlto-

106 2919 188 2970 rax
208 2891 362 2996 gibbus3
396 2893 499 2970 lineo
529 2919 596 2972 seu
614 2895 762 2970 macula
791 2909 878 2972 ante
898 2894 993 2983 alas,
1025 2892 1171 2970 lineola

104 3013 203 3089 infra
225 3013 319 3103 alas,
348 3013 465 3090 altera
483 3011 723 3092 transversali
744 3013 813 3088 sub
833 3013 1012 3104 scutello,
1038 3011 1108 3088 hoo
1129 3013 1171 3090 in

104 3133 247 3211 femina
268 3159 538 3236 nonnunquam
558 3134 774 3224 deficiente,
801 3134 926 3223 flavis,
951 3147 1108 3236 pectore
1131 3147 1172 3210 et

104 3253 343 3356 prothoracis
372 3254 569 3343 lateribus,
604 3255 829 3356 plerumque
854 3252 967 3328 dorso
994 3269 1078 3329 toto
1105 3267 1172 3328 ant

104 3373 266 3450 maculis
290 3372 434 3451 duabus
456 3373 685 3464 dorsalibus,
713 3373 801 3475 plus
821 3373 944 3449 minus
967 3373 1168 3463 distinctis,

104 3495 226 3571 rarius
249 3519 402 3597 quoque
420 3495 567 3570 mocula
587 3493 736 3571 laterali
761 3492 1044 3583 metathoracis,
1078 3494 1169 3568 rufis

105 3631 174 3692 aut
199 3611 336 3692 fulvis·
383 3615 599 3696 scutellum
630 3613 775 3705 rufum,
809 3612 918 3715 apice
944 3614 1170 3716 plerumque
1312 3606 1330 3616 “

105 3737 217 3812 flavo.
259 3737 363 3813 Aloe
375 3737 584 3814 mediocres
600 3733 846 3837 subhyolinoe
861 3748 926 3808 aut
939 3729 1172 3810 subfuinato-

101 3854 303 3957 hyolinoe3
336 3855 444 3941 radio
462 3871 502 3933 et
523 3856 696 3960 stigmate
718 3853 1084 3957 piceo-ferrugineis
1106 3867 1173 3928 aut

107 3975 334 4067 stramineis,
348 3975 601 4067 rariusfusois,
617 3975 790 4052 radioeet
802 3974 998 4078 squamulo
1011 3972 1172 4078 pallide-
