2668 4626
373 235 475 286 rum.
501 217 565 298 VI,
592 233 705 286 sncr.
735 235 783 284 ιν.
1033 221 1105 294 169

57 401 190 506 recepi.
249 399 377 476 Mares
403 397 569 500 singulos
590 398 666 500 legi
687 395 786 474 circo
804 396 1048 479 Ahdemedt
1066 419 1107 480 et

57 525 276 610 nudatam,
299 517 490 596 mensibus
506 517 597 592 Iulii
611 533 650 594 ct
662 517 836 620 Augusti,
863 519 904 593 in
917 519 1106 597 fruticetis

57 646 137 718 etin
150 641 345 745 gramine3
372 637 439 712 ulii
453 636 620 740 quidam,
642 637 747 713 circu
763 637 922 740 Nieslty,
947 640 1107 718 Hunno-

58 791 198 854 rum,
226 763 268 837 in
281 759 480 862 Hercynio
495 773 534 832 et
548 760 712 835 Etruria
725 757 836 859 copti,
855 757 900 832 ud
912 787 974 836 me
985 777 1106 838 trans-

57 883 148 958 nissi
164 896 271 958 sunt.
325 877 499 954 Feminns
516 875 680 979 singulus
694 877 790 979 cepi,
810 879 999 956 mensibus
1014 883 1106 985 Sep-

56 1003 207 1078 umbris
236 1015 278 1076 et
305 995 499 1086 Octobris,
526 995 625 1072 circa
649 999 691 1075 V
688 1001 931 1076 rotislooiom
948 1015 987 1076 et
1007 1006 1107 1078 Tro-

55 1123 191 1222 jectum
230 1117 287 1196 od
323 1117 364 1197 V
363 1117 515 1195 iodrum
524 1145 538 1202 ‚·
570 1117 792 1208 nonnullae,
827 1118 927 1192 circs
960 1118 1107 1197 Hulom

57 1241 277 1326 Saxonum,
312 1237 439 1327 Pless,
470 1235 788 1328 Sr'clrersltousen,
820 1237 1013 1328 Genuam,
1037 1265 1107 1316 nec

59 1386 122 1436 non
137 1361 180 1436 iu
193 1359 406 1456 Hungorr'o
424 1370 464 1431 et
484 1357 649 1456 Reginus
662 1355 948 1434 Pedemontono
964 1374 1106 1462 ceptae,

58 1507 198 1556 uocum
219 1477 519 1554 communicatae
539 1489 636 1550 suut.
691 1476 809 1552 Unam
829 1477 1006 1554 seminam
1027 1480 1108 1582 ipse

59 1599 227 1676 educavi:
257 1599 378 1674 Lnrvn
397 1595 480 1698 ejus
497 1593 759 1671 hibernsvernt
774 1597 814 1672 iu
828 1621 929 1699 pups
942 1595 1110 1702 Bomby·

60 1725 103 1794 cir
121 1718 340 1806 libotrr'cis,
365 1714 405 1788 in
426 1741 564 1818 pupsm
582 1716 797 1794 mutabatur
814 1717 877 1794 die
892 1725 943 1798 23
955 1717 1107 1822 Aprilis,

59 1837 172 1942 imago
185 1835 366 1942 prodibat
384 1833 447 1910 die
461 1843 483 1914 8
497 1833 604 1936 Maji.

461 2139 699 2218 Varietas:

127 2323 164 2394 1.
206 2311 312 2390 Mas:
345 2309 517 2390 thoracis
543 2309 660 2389 dorso
686 2325 772 2388 toto
797 2315 908 2412 nigro
916 2341 929 2400 3
945 2312 1109 2392 lemine:

60 2436 218 2512 scutello
244 2445 335 2516 toto¹
353 2438 476 2529 nigro.
500 2473 554 2490 -
583 2431 798 2508 Scutellum
822 2433 934 2508 moris
960 2433 1110 2535 punctis

60 2552 201 2628 duobus
217 2548 504 2628 obsoletissimis
517 2551 635 2626 llnvis.
657 2593 711 2608 -·
737 2551 893 2627 Caetera
908 2551 1111 2628 individuis

60 2673 229 2774 plurimis
246 2668 420 2773 genuinis
435 2671 673 2772 respondent.

129 2794 274 2870 Murem
285 2792 456 2868 Besscre
472 2792 514 2869 V
511 2791 671 2896 olkynio
682 2790 905 2881 tmnsmisit3
928 2790 976 2868 de
989 2789 1111 2893 putris

62 2909 217 2990 leminnc
232 2913 402 2991 incertus
414 2937 508 2988 sum.

448 3234 723 3337 Synonyms:

67 3401 163 3483 lclur.
177 3405 317 3484 licesel
330 3407 381 3480 ll.
401 3407 516 3507 Vesp.
537 3417 566 3478 t.
582 3403 674 3494 XII,
701 3402 727 3479 f.
743 3411 779 3494 Ξ,
795 3411 820 3482 5
839 3400 909 3501 (m.
924 3401 986 3504 l.).
1040 3401 1113 3478 Fc-

265 3525 370 3600 mina
383 3524 493 3627 ponit
504 3547 617 3600 orum
632 3523 820 3624 singulum
834 3521 874 3595 in
886 3523 1037 3612 larvam,
1066 3522 1113 3596 nd

267 3643 517 3722 mutationem
556 3643 785 3720 subeundam
822 3641 898 3743 jem
934 3657 1112 3745 parntem,

267 3779 337 3840 out
367 3762 409 3838 in
439 3763 640 3868 nympham
672 3763 794 3839 adhuc
819 3763 974 3839 mollem
1006 3761 1115 3866 papi-

330 3911 399 3956 nr.

69 4002 163 4083 lehn.
179 3884 453 4084 nraliloaitoe
470 4001 568 4080 Pods
584 4027 624 4108 p.
645 4003 733 4094 105,
761 4027 797 4080 n.
815 4007 851 4084 ⁷.
957 4055 959 4062 ‹
