2744 4628
300 857 430 960 Caput
448 867 712 936 transversum.
740 895 793 915 -
812 853 935 960 'Oculi
956 851 1096 931 uvales.
1124 895 1177 912 -
1203 856 1292 932 An-

224 989 359 1055 tennoe
377 969 574 1052 fililormes
594 981 788 1064 curiatae,
815 999 974 1076 corpore
990 972 1149 1051 dimidio
1167 975 1291 1077 poulo

223 1095 417 1174 breviores
430 1108 497 1170 eut
510 1094 626 1198 paulo
640 1095 843 1196 longiores.
857 1135 910 1152 -
925 1093 1093 1172 Thorax
1108 1093 1292 1198 gibbulo-

225 1213 475 1318 cylindrieus3
501 1211 756 1290 metathorace
780 1211 891 1292 loven
908 1217 996 1291 'lete
1016 1212 1292 1316 longitudineli

227 1334 385 1425 dommi,
418 1333 520 1416 haud
546 1332 750 1438 profundo,
776 1349 967 1412 excuvmo.
994 1375 1048 1398 ·-·
1071 1335 1292 1413 Seutellum

227 1453 459 1558 triangulare
473 1455 683 1558 gibbulum.
709 1495 763 1512 -·
786 1454 1132 1545 Alaemedioeres.;
1159 1454 1290 1531 sreole

229 1573 784 1680 quinqueanguleriinterdum
807 1572 1053 1678 incompleta.
1080 1615 1134 1632 -
1165 1573 1291 1654 Pedes

227 1692 436 1772 mediocres
464 1677 710 1798 subgreciles,
737 1692 876 1796 postici
904 1695 1094 1772 interdum
1116 1693 1291 1772 subcres-

230 1813 399 1908 uiusculi.
425 1857 479 1902 ·-,-
502 1814 705 1894 Abdomen
733 1812 868 1922 capitis
893 1813 1137 1918 thoracisque
1162 1815 1290 1916 lougi-

229 1934 362 2009 tudine
377 1947 416 2014 et
428 1934 642 2026 latitudine,
670 1933 865 2037 seupaulo
886 1935 1091 2038 angustius,
1117 1931 1291 2010 laevissi-

230 2079 333 2128 mum
346 2053 614 2132 nitidissimum
628 2053 864 2158 petioletum,
878 2056 942 2132 vel
955 2055 1289 2154 oblongoovatum,

231 2170 295 2252 vel
308 2170 420 2251 (lonso
441 2172 630 2251 lusilormi
650 2189 716 2252 sut
734 2173 1131 2262 lineari-lanceolam,
1158 2172 1291 2252 luteri—
1358 2239 1359 2244 i

230 2277 302 2371 bus
324 2306 363 2368 et
387 2307 518 2370 ventre
545 2292 768 2396 compressis
796 2307 862 2374 aut
886 2269 1200 2395 subcompuessis‚⁴
1227 2291 1290 2370 vel
1358 2249 1359 2301 i

232 2403 489 2515 compressum
514 2441 669 2518 anceps,
697 2439 717 2491 a
739 2411 858 2489 latere
875 2413 997 2490 visum
1018 2413 1287 2491 lanceolatum.

232 2531 471 2633 segmentum
486 2534 650 2635 primum
664 2532 725 2610 vel
739 2531 970 2625 sublineore,
997 2532 1144 2636 apicem
1159 2561 1290 2612 versus

232 2649 371 2730 sensim
408 2653 525 2754 paulo
557 2653 771 2744 dilatatum,
811 2651 873 2730 vel
905 2651 1196 2756 logenaelorme.
1239 2695 1290 2712 -
1357 2649 1358 2707 l

231 2771 403 2851 Aculeus
428 2773 668 2850 subexsertus
694 2787 759 2850 aut
784 2771 1037 2849 absconditus.

307 2889 370 2964 De
390 2887 572 2968 affinitate
592 2891 706 2994 hujus
724 2891 941 2995 subgeneris
962 2918 1049 3004 cum
1065 2893 1288 2974 Ichneumo-

233 3005 344 3084 nibus
362 3007 432 3084 hos
452 3009 624 3087 conferre
645 3011 752 3088 velis.
829 3087 833 3096 ,
