2776 4628
508 235 703 287 ιιιιιιιι
729 220 787 288 1v.
1105 225 1179 302 691

372 397 629 502 Synonyma
656 397 930 478 varietatis:

116 547 227 628 John.
250 552 376 630 latens
401 553 565 632 Schranln
578 570 582 588 ’
596 552 857 658 Berchteagad.
886 553 928 632 in
952 553 1099 635 Fueasl.
1128 561 1178 656 ΙΙ,

329 696 413 774 pag.
430 682 523 762 528,
552 699 587 746 ιι.
602 673 665 750 95.
875 741 878 746 .
1225 709 1230 720 ·

115 789 226 868 chn.
247 789 477 868 obscuratus
494 789 604 867 Faba.
621 791 665 866 E.
683 793 718 868 S.
734 794 839 897 Supl.
855 821 893 898 p.
911 803 1006 886 237,
1033 824 1069 874 n.
1085 805 1124 878 7.

117 909 272 1014 Ophion
291 909 475 988 obscurus
488 909 597 986 Fahr.
614 909 714 987 Piez.
736 939 774 1018 p.
793 921 883 1006 152,
910 943 946 991 ιι.
961 921 998 994 7.

193 1085 217 1122 ,,
293 1029 484 1109 ῦιιιοιιίι
508 1031 632 1108 Addit.
657 1059 692 1108 n.
710 1040 746 1111 8.

221 1308 224 1316 ,
368 1323 506 1401 Nota:

194 1475 410 1570 Individua,
443 1478 556 1559 lineis
580 1476 747 1556 thoracis
773 1477 1084 1570 obsoletionibus,
1110 1481 1175 1558 vix
1263 1583 1265 1586 Ι

116 1622 139 1672 a
158 1596 300 1698 speciei
321 1599 513 1702 sequentia
535 1598 739 1678 individuis
760 1599 983 1703 quibusdam
1002 1601 1173 1704 dignosci

115 1731 288 1818 possum.

80 1916 84 1928 ,
191 1837 301 1914 Indu.
321 1839 447 1916 lutens
465 1837 601 1916 Linnei
616 1853 656 1914 et
670 1837 921 1942 plurimorum
941 1839 1175 1944 reliquorum

116 1971 314 2035 anctorum
343 1958 390 2031 ad
420 1957 585 2062 speciem
610 1975 829 2061 seqnentem
852 1959 1085 2038 adhibendus
1106 1979 1174 2054 cst,

115 2103 202 2153 nam
221 2077 349 2154 nullus
364 2103 495 2154 eorum
513 2079 744 2156 mentionem
756 2077 850 2155 fecit
863 2078 1048 2156 linearum
1062 2084 1177 2160 flava-

115 2225 206 2276 rnm
221 2196 404 2288 thoracis,
432 2199 637 2301 dequibus
659 2198 806 2278 Olivier
831 2213 871 2274 et
897 2198 1061 2276 Schrank
1087 2204 1114 2280 l.
1140 2230 1173 2280 c.

115 2317 237 2393 locuti
253 2333 349 2394 sunt.
380 2319 527 2396 Olivien
541 2319 718 2420 allegavit
734 2319 929 2396 Recumnr
942 2322 1006 2409 VI,
1021 2321 1096 2398 tab.
1113 2331 1174 2414 30,

116 2435 180 2538 fig.
196 2447 238 2529 9,
267 2465 379 2541 quam
402 2439 467 2516 alii
490 2439 537 2514 ad
557 2439 666 2518 chn.
689 2439 961 2516 inculcatorem
982 2437 1173 2517 adhibent.

119 2557 216 2632 cum
231 2573 356 2634 autem
371 2558 434 2633 hic
444 2557 660 2634 Renumnrii
674 2555 907 2633 Ichneumon
920 2571 1022 2634 totus
1039 2557 1088 2632 sit
1101 2559 1177 2634 fer-

115 2677 314 2779 rugineus,
340 2680 478 2756 melius
499 2678 546 2754 ad
567 2677 732 2780 speciem
754 2691 989 2778 sequentem,
1017 2679 1079 2754 vel
1107 2705 1178 2780 po-

117 2797 213 2888 tius,
246 2800 296 2873 ob
328 2788 587 2876 oeconomiam
614 2797 740 2872 larvae
766 2794 867 2898 ejus,
901 2797 945 2870 ad
980 2797 1177 2875 Paniscnm

117 2931 343 3010 testaceum,
369 2949 405 2996 n.
431 2927 515 3009 107,
544 2917 712 3020 quadrat.
766 2916 874 2994 chn.
896 2919 1022 3012 luteos
1042 2919 1177 2996 Linnei

119 3051 160 3112 et
178 3053 372 3113 auctorum
395 3037 533 3140 gaudet
553 3036 708 3114 thorace
735 3035 883 3124 striato,
912 3035 1024 3112 striae
1053 3053 1179 3115 autem

118 3155 221 3232 hand
234 3159 358 3236 lineae
373 3173 461 3234 sunt
474 3157 616 3262 pictae,
644 3156 846 3235 sedlincae
861 3154 1020 3246 incisae,
1046 3158 1178 3260 quales

117 3275 200 3354 fere
220 3278 261 3362 in
282 3277 456 3368 omnium,
473 3275 683 3379 specierum
704 3273 859 3352 thorace
879 3275 1176 3377 conspiciuntur.

197 3397 258 3472 De
277 3398 453 3500 Ophione
471 3393 633 3473 obscuro
652 3394 807 3470 Panzeri
830 3393 875 3468 ad
896 3392 1054 3472 Schaeff.
1072 3399 1177 3474 Icon.

118 3513 197 3590 tab.
215 3523 300 3606 101,
321 3517 383 3620 fig.
400 3523 435 3608 4,
457 3515 627 3592 conferas
643 3529 770 3592 notam
784 3513 830 3590 ad
844 3513 1008 3615 speciem
1023 3541 1182 3620 sequen·

119 3651 218 3725 tem,
245 3634 310 3711 ubi
331 3637 444 3740 plura
463 3635 539 3714 huc
559 3635 768 3739 spectantia
786 3635 914 3736 legere
933 3632 1077 3711 licebit.
