2770 4630
218 221 296 300 566
501 191 507 202 ⁵
668 239 833 292 oraton

296 407 403 484 Duas
416 405 574 485 feminas
587 403 674 510 cepi
688 405 788 482 circa
804 403 1100 496 Vrotlrlarium,
1119 427 1283 507 quarum

218 529 356 620 altera,
387 527 557 604 omnium
588 526 759 616 minima,
792 524 1095 603 trochanteribus
1125 539 1166 602 ct
1198 548 1285 627 seg·

217 664 348 727 mento
361 647 484 752 primo
495 647 587 723 totis
601 645 727 749 nigris,
749 645 927 722 distincta
941 659 1013 722 est·
1043 645 1150 722 Aliae
1165 668 1284 747 quae-

218 769 322 860 dam,
349 769 448 845 circa
462 769 683 845 Berolinum
705 779 744 842 et
758 766 915 870 Netley,
941 767 1155 842 necnonin
1169 765 1283 842 Hun-

215 896 334 992 garia
367 905 407 966 ct
439 889 595 977 Gallio,
625 886 767 977 lectae,
801 913 950 962 mecum
983 886 1284 962 communicatae

180 1076 183 1083 ,
218 1023 325 1086 sunt:
351 1008 505 1110 gallica,
532 1005 637 1082 coxis
665 1005 916 1081 anterioribus
944 1025 1016 1110 pro
1042 1018 1149 1110 parte
1178 1007 1283 1096 ruiis,

217 1141 411 1230 segmento
433 1127 566 1233 quinto
585 1139 669 1208 toto
693 1125 821 1232 nigro,
843 1125 976 1205 aculeo
1002 1125 1193 1232 longiore,
1220 1125 1283 1202 i'n·

216 1247 332 1354 signis
356 1263 425 1326 est.
543 1259 548 1272 '
695 1266 698 1273 '
1012 1270 1017 1282 ·
1209 1269 1213 1282 ·

537 1649 592 1715 79·
635 1629 891 1732 mawron.
932 1658 968 1702 u.

416 1805 604 1876 abdomine
629 1807 901 1896 subcompress0‚
929 1803 1042 1878 medio
1062 1800 1155 1890 ms03
1184 1806 1281 1892 tibiis

415 1921 451 1977 et
467 1907 647 1978 femoribus
665 1903 766 1994 rutis,¹
785 1909 904 1976 horum
920 1908 1058 1996 posticis
1073 1907 1145 2001 basi
1162 1911 1280 2000 apice-

415 2033 479 2098 que
502 2011 753 2100 nigricantibus.
776 2035 821 2079 m.
842 2008 868 2077 l'.
890 2011 1039 2102 (semina
1059 2007 1174 2079 aculeo
1196 2012 1280 2077 bre-

413 2112 578 2198 vissimo).
1060 2107 1066 2116 ’
1106 2114 1110 2126 ’

288 2319 390 2395 Haec
409 2316 555 2420 species
577 2345 598 2393 a
617 2324 751 2424 Camp.
773 2263 931 2410 doloso,
955 2346 992 2395 n.
1010 2325 1078 2409 85,
1104 2316 1169 2394 cui
1192 2315 1276 2394 affi-

211 2436 269 2514 nis
284 2454 359 2530 est,
387 2438 513 2541 capite
534 2439 771 2543 pedibusque
789 2436 1034 2515 crassioribus
1054 2437 1194 2515 differt.

286 2558 510 2658 Longitudo
531 2561 693 2659 372-4
711 2559 910 2638 linearum.
966 2563 1117 2660 Caput,
1142 2559 1275 2635 latitu-
1375 2615 1376 2640 i

209 2673 298 2752 dine
312 2676 490 2768 thoracis,
518 2679 633 2756 latius
650 2707 763 2781 quam
778 2679 819 2756 in
831 2677 992 2780 reliquis
1008 2678 1277 2780 cospeciebus;·

187 2794 334 2898 “pulpis
366 2795 763 2900 ferrugineo-fuscis,
790 2798 1105 2884 mandibularum
1145 2797 1275 2874 medio

207 2911 307 2990 rufo.
360 2919 565 2996 Antennue
578 2919 736 2994 dimidio
751 2943 911 3021 corpore
926 2917 1135 3020 longiores,
1163 2917 1277 3022 apice
1374 3000 1375 3023 χ

207 3033 499 3136 subgraciliores
529 3054 716 3116 curvatae.
771 3039 940 3115 Thorax
966 3037 1114 3139 gibbus.
1168 3041 1277 3117 Aloe

205 3154 416 3232 mediocres
432 3156 688 3260 subbyalinae,
708 3157 883 3262 stigmate
897 3171 937 3233 et
949 3156 1057 3233 radio
1070 3158 1191 3260 nigris
1206 3173 1276 3234 aut

204 3273 341 3364 luscis,
374 3272 501 3355 radice
536 3279 751 3369 straminea,
786 3277 982 3381 aquamola
1007 3278 1121 3354 utaris
1148 3270 1274 3356 ferru-
1373 3299 1374 3344 3

205 3391 317 3494 ginea
343 3391 506 3472 feminae
539 3396 661 3498 nigra;
677 3397 822 3473 'areola
854 3397 1150 3498 subimegultlti3'
1174 3398 1273 3476 asari

204 3511 467 3613 subpetiolata‚
489 3515 652 3592 feminae
668 3516 851 3617 petiolata
864 3531 929 3593 aut
943 3515 1065 3592 sessili
1080 3518 1274 3620 quinque-

202 3632 385 3732 angulari.
439 3633 562 3714 Pedes
592 3637 801 3712 mediocres
834 3635 1147 3712 subcrassiu'sculi
1182 3641 1270 3728 ruli,

202 3749 505 3830 trochanteribus
528 3765 566 3830 et
587 3755 690 3832 coxis
719 3757 853 3858 nigris,
878 3755 974 3830 mari
1004 3755 1136 3830 subtus
1163 3757 1278 3848 rufis,-

200 3871 408 3952 femoribus
441 3874 599 3977 posticis
627 3901 769 3951 summa
795 3875 876 3951 basi
904 3897 1129 3976 summoque
1156 3876 1270 3978 apice

201 3991 329 4096 nigris,
353 3993 540 4072 interdum
556 3993 670 4072 abasi
685 3995 785 4073 ultra
797 3993 964 4072 medium
977 3993 1265 4096 nigricantibns.
