2776 4628
634 191 803 244 obulos

265 590 395 695 Caput
407 604 659 666 transversum
672 583 806 671 breve..
828 561 882 644 ss-
906 582 1024 664 Oculi
1043 587 1185 664 uvales.
1205 629 1261 646 -

187 715 390 792 Antennce
420 695 585 813 'graciles
610 723 825 811 porrectae,
865 729 1025 807 corpora
1058 707 1258 784 breviores

188 849 254 908 aut
288 831 367 908 lere
399 829 482 932 ejus
511 827 763 930 longitudine.
798 871 852 885 -
886 825 1054 902 Thorax
1076 827 1258 928 gibbulus

187 969 252 1028 aut
284 949 543 1054 subgibbulus.
578 991 631 1005 ·-
661 949 875 1026 Scutellum
901 971 1128 1038 convexum,
1164 947 1255 1022 sub-

187 1070 500 1176 quadrangulare
540 1071 685 1148 Macro
715 1067 911 1166 flliventri
954 1067 1257 1168 subtriangulare

188 1194 297 1297 apice
323 1192 478 1279 obtuso,
512 1189 723 1291 gibbulum.
750 1231 803 1246 --
827 1190 931 1265 Aloe
950 1187 1158 1262 mediocres
1188 1204 1256 1262 aut

187 1314 355 1416 amplae,
386 1309 512 1385 areola
538 1307 738 1411 petiolata,
772 1306 993 1408 triangulari
1014 1323 1081 1384 aut
1108 1307 1256 1384 minuta

187 1434 600 1536 oblique-transversa,
628 1453 720 1529 eg.
746 1427 805 1505 M.
818 1425 1023 1526 filiveutri.
1051 1469 1104 1485 -·-
1130 1426 1256 1506 Pedes

187 1552 417 1659 subgracilea
452 1561 517 1622 aut
543 1547 702 1648 graciles
736 1547 916 1649 elongati.
959 1589 1012 1609 --
1048 1545 1254 1625 Abdomen

186 1675 362 1764 nitidum,
390 1675 656 1770 compressum,
681 1693 842 1768 superne
857 1666 1075 1756 carinatum,
1095 1663 1255 1742 thorace

186 1793 275 1896 plus
302 1791 422 1892 duplo
451 1788 620 1890 longius,
654 1785 821 1862 thoracis
849 1786 1004 1860 dimidia
1033 1783 1254 1888 autquarta

185 1927 293 2016 parte
314 1909 525 2012 angustius,
553 1935 574 1982 a
596 1907 717 1983 latare
731 1905 855 1983 visum
873 1906 936 1984 vel
959 1905 1101 2008 ubique
1118 1907 1252 1982 eadem

187 2030 389 2108 altitudine
436 2029 523 2130 (M.
551 2025 792 2126 filiventri),
831 2025 894 2102 vel
935 2025 1082 2127 apicem
1119 2051 1251 2104 versus

185 2151 323 2228 sensim
341 2147 542 2227 altitudine
563 2163 767 2224 crescente.
823 2147 1063 2248 segmentum
1086 2145 1252 2247 primum

150 2261 155 2269 ’
183 2271 346 2361 lineare,
372 2267 583 2346 tuberculis
603 2269 824 2346 lateralibus
848 2267 887 2342 in
902 2267 1028 2342 medio
1049 2266 1112 2344 vel
1132 2267 1251 2368 paulo

183 2391 285 2466 ultra
304 2389 469 2466 medium
491 2386 585 2463 aitis,
612 2430 666 2446 -
690 2391 862 2467 Aculeus
882 2403 1071 2476 exsertus,
1096 2387 1249 2463 subsur-

182 2524 487 2597 sum·curvatus,
522 2507 676 2584 circiter
704 2526 859 2612 quartae
888 2506 1005 2609 partis
1035 2507 1246 2584 abdominis

181 2629 438 2731 longitudine,
464 2627 613 2703 terebra
630 2630 710 2730 ipsa
726 2627 765 2704 in
787 2629 900 2704 unico
917 2628 1114 2704 individuo
1138 2628 1250 2705 lerni-

181 2775 253 2824 nae
281 2745 541 2848 (filiventris)
574 2745 689 2848 hujus
717 2747 954 2850 subgeneris,
990 2749 1093 2852 quod
1120 2773 1248 2824 coram

180 2867 321 2958 habeo,
355 2867 452 2944 infra
474 2881 642 2944 ventrem
665 2867 865 2945 declinata.

258 2989 321 3063 De
342 2985 592 3064 relationibus
617 2985 730 3088 hujus
756 2987 974 3090 subgeneris
1003 2988 1050 3062 ad
1079 2994 1247 3094 Compo-

179 3108 321 3210 pleges,
346 3107 547 3197 Paniscos,
571 3106 784 3198 Anomclu,
807 3107 1015 3212 Ophiones,
1040 3105 1134 3186 haec
1156 3111 1246 3186 sub·

178 3252 315 3329 genera
336 3225 510 3303 conferre
528 3225 636 3303 velis.
663 3269 717 3284 —-
740 3225 963 3304 Praesertim
988 3243 1114 3304 autem
1143 3233 1246 3308 Tro·

178 3347 356 3452 chynoti,
384 3345 433 3422 ob
453 3345 637 3421 abdomen
659 3346 809 3448 longius
830 3363 869 3422 et
886 3346 1076 3449 gracilius,
1103 3348 1243 3426 Macris

177 3465 492 3570 adpropinquant,
520 3465 585 3540 sed
605 3465 738 3542 habitu
756 3482 855 3556 toto,
883 3467 1009 3543 areola
1029 3466 1243 3558 deficiente,

177 3584 379 3664 abdomine
398 3583 483 3689 ipso
498 3584 644 3688 apicem
663 3611 792 3662 versus
807 3586 1001 3678 crassiore,
1028 3585 1240 3665 discedunt.
