2820 4630
312 256 509 306 aruceus
536 253 634 305 tau.
666 239 703 304 V.
732 253 987 305 vrnorrsrras.
1102 237 1177 312 443

202 1267 333 1368 Caput
350 1263 465 1341 breve
482 1277 748 1353 transversum,
775 1263 898 1339 minus
919 1277 1045 1340 tamen
1066 1263 1181 1338 breve

122 1413 238 1490 quam
252 1386 292 1460 in
306 1383 479 1486 plurimis
494 1383 813 1474 antecedentibus,
829 1384 1107 1486 subglobosum.
1128 1423 1182 1446 -ι-

123 1508 242 1584 Oculi
255 1504 393 1580 orales.
415 1547 466 1560 -
492 1505 694 1582 Antennce
706 1502 900 1580 fililormes
915 1503 1082 1607 graciles,
1097 1527 1183 1577 cor·

125 1651 220 1729 pore
232 1625 348 1727 paulo
361 1623 563 1714 breviores,
587 1621 693 1726 apice
706 1621 909 1700 involutae.
936 1665 989 1681 -
1014 1623 1182 1700 Thorax

127 1740 558 1846 gibbnlo-cylindricus.
585 1785 638 1798 -
661 1742 876 1825 Scutellum
892 1769 1099 1820 convexum
1112 1743 1184 1822 tri-

127 1863 317 1964 angulare.
344 1905 397 1918 -
421 1865 525 1941 Aloe
551 1861 776 1952 mediocres3
804 1863 929 1938 areola
955 1862 1075 1954 nulla,
1103 1861 1183 1940 cel-

127 1983 231 2059 lulae
253 1981 442 2058 interioris
463 2005 579 2058 nervo
600 1980 779 2058 inferiore
792 1982 979 2058 exteriore
994 1982 1182 2085 subaugu-

127 2103 229 2192 loso,
257 2128 342 2176 cum
370 2125 485 2178 nervo
511 2099 691 2177 inferiore
717 2101 881 2176 cellulae
910 2102 1105 2196 exterioris
1135 2103 1182 2178 ad

128 2219 305 2326 angulum
320 2221 484 2297 cellulae
503 2219 655 2321 radialis
675 2218 891 2297 inferiorem
913 2221 1103 2324 contiguo
1130 2263 1183 2282 -

127 2341 251 2422 Pedes
268 2340 475 2417 mediocres
502 2339 741 2442 subgraciles.
761 2383 814 2398 -
837 2339 1037 2419 Abdomen
1063 2343 1182 2433 laeve,

127 2461 330 2538 subsessile
352 2475 416 2537 aut
442 2445 753 2563 subpetiolatum‚
786 2443 952 2538 thorace¹
970 2460 1119 2564 longius
1145 2476 1185 2537 et
1315 2489 1319 2500 ·

128 2581 339 2685 angustius,
380 2605 655 2682 compressum,
689 2569 807 2682 'supra
838 2578 1061 2671 cannatum,
1100 2581 1181 2656 basi
1224 2643 1229 2651 .

129 2700 423 2789 subnitidulum,
451 2699 560 2801 apice
586 2697 765 2788 nitidum,
792 2699 951 2776 alatere
976 2702 1182 2790 clavatum

128 2837 322 2922 segmento
354 2818 478 2923 primo
508 2841 638 2894 versus
672 2817 819 2919 apicem
848 2820 985 2895 sensim
1010 2820 1184 2910 dilatato,

127 2940 338 3017 tuberculis
356 2937 574 3015 lateralibus
594 2937 694 3014 inter
710 2937 874 3014 medium
896 2954 934 3016 et
952 2939 1060 3016 basin
1080 2939 1183 3030 sitis,

129 3073 322 3160 segmento
351 3059 515 3135 seeundo
542 3055 701 3160 reliquis
729 3057 852 3134 minus
879 3050 1105 3163 compresso.
1132 3101 1185 3118 -

127 3179 299 3262 Aculeus
319 3176 399 3256 lere
417 3174 655 3280 longitudine
674 3175 895 3254 abdominis.

197 3297 437 3374 Individuum
453 3295 606 3374 unicum
620 3293 734 3398 hujus
749 3295 927 3388 familiae,
943 3299 1046 3401 quod
1059 3324 1185 3374 coram

126 3417 267 3510 habeo,
294 3417 442 3495 ratione
472 3417 614 3493 alarum
642 3415 809 3493 medium
834 3431 939 3496 tenet
967 3420 1066 3495 inter
1096 3422 1186 3494 Cre-

129 3553 274 3616 mastos
293 3553 333 3614 et
352 3539 571 3628 Perizones,
599 3562 683 3612 nam
709 3536 829 3614 lorma
850 3536 1013 3614 cellulae
1035 3536 1185 3624 radialis

128 3658 334 3762 respondet
348 3657 566 3748 Cremastis,
594 3658 658 3733 sed
673 3671 872 3760 punctum,
900 3657 940 3730 in
955 3684 1031 3762 quo
1045 3659 1186 3735 cellula

127 3779 198 3853 ista
215 3793 256 3854 et
269 3781 432 3856 cellulae
454 3779 550 3854 duae
571 3777 753 3854 cubitales
768 3805 807 3854 se
821 3777 1055 3886 contingunt,
1082 3779 1187 3854 Pori-

124 3898 296 3974 zonibus.
349 3899 405 3975 Ab
425 3898 605 3974 ambobus
628 3913 752 3973 autem
768 3895 966 3997 Tropistae
987 3885 1187 4003 discedunt

125 4017 326 4096 abdomine
343 4017 442 4094 haud
455 4018 652 4124 petiolato.
673 4061 725 4076 -
745 4015 1033 4117 Quodammodo
1047 4033 1184 4107 autem,
