2834 4632
317 267 417 319 snm.
445 253 484 332 1,
512 265 626 318 snos.
657 267 681 318 r.
711 267 984 324 ornronnnx.
1108 253 1183 330 483

121 423 333 536 longiores,
370 423 535 509 feminae
568 429 677 534 apice
708 427 840 536 magis'
858 431 1032 512 curvatae
1070 461 1182 540 qnam

120 551 227 629 mari.
282 553 451 630 Thorax
478 550 666 654 gibbulus.
720 555 825 631 Alae
850 553 1182 659 lumatobyalince,

120 673 284 750 feminae
298 675 415 776 magis
429 671 660 777 pellucidae,
688 670 862 775 stigmate
882 673 1040 751 etradio
1049 671 1180 766 luscis,

120 793 247 869 radice
273 793 385 869 maris
412 793 522 897 picea
543 808 609 868 aut
633 792 755 883 lusca,
782 791 944 870 feminae
972 797 1180 888 straminea,

121 915 317 1016 squamnla
348 921 536 1002 testacec,'
568 909 732 989 feminae
766 937 1033 1018 nonnunquam
1064 915 1180 1006 fusca,

121 1029 246 1106 areola
262 1023 461 1134 petiolata,
485 1031 713 1136 'plusminns
727 1033 903 1134 regulari.
958 1033 1181 1112 resersus-

119 1149 297 1255 graciles;
324 1152 428 1226 coxis
446 1167 485 1228 et
497 1151 801 1246 trochanter-ibus
816 1151 943 1254 nigris,
965 1152 1100 1230 horu'm
1115 1182 1181 1230 an·

119 1269 646 1374 ticisinterdnmapicerul03
673 1271 996 1363 femoribusrufis,
1023 1274 1181 1377 posticis

119 1389 283 1468 feminae
309 1391 584 1494 utplurimum
612 1392 790 1496 geniculo
817 1390 1044 1494 nigricante3
1075 1393 1182 1470 tibiis

120 1508 371 1585 anterioribus
397 1509 488 1585 rufis
514 1528 579 1587 aut
604 1511 738 1604 fulvis,
773 1526 927 1590 externe
946 1515 1033 1616 plus
1058 1509 1183 1588 minus

122 1629 275 1719 albidis,
308 1629 417 1733 apice
446 1643 485 1705 et
508 1647 594 1708 ante
616 1633 723 1708 basin
744 1625 933 1719 interdum
952 1631 1183 1710 sulvolerru-

121 1749 254 1853 gineis,
280 1746 437 1852 posticis
452 1753 544 1828 mari
558 1753 665 1842 rufis,
694 1767 848 1829 externe
864 1751 1182 1828 sordide-albidis

121 1869 231 1972 spice
264 1883 303 1945 et
335 1883 422 1944 auce
460 1871 567 1946 basin
599 1873 733 1975 nigris,
786 1873 949 1949 feminae
982 1873 1045 1948 vel
1084 1871 1183 1948 sicut

121 1989 234 2080 mari,
260 1989 323 2067 vel
345 1987 471 2065 medio
486 1990 924 2081 sordidernlescentibus,
953 1991 1083 2067 subtus
1098 1991 1182 2094 ple-

121 2135 281 2213 rumque
308 2110 625 2202 luscescentibus3
667 2111 777 2187 tarsis
811 2111 1062 2187 anterioribus
1095 2113 1183 2216 plus

122 2230 246 2306 minus
274 2229 590 2321 luscesceutibus,
625 2231 781 2333 posticis
803 2231 946 2334 nigris„
969 2231 1132 2305 articulo
1161 2238 1181 2310 1

122 2351 217 2427 mari
240 2350 467 2454 plerumque
493 2350 573 2426 basi
601 2349 815 2452 pallidiore.
868 2349 1071 2428 Abdomen
1096 2351 1185 2425 sub-

123 2469 324 2559 sericeum,
353 2469 476 2572 capite
496 2469 727 2572 thoracequc
748 2467 898 2571 longius
921 2484 960 2544 et
978 2470 1183 2572 augustius,

123 2589 218 2663 mari
244 2589 434 2665 interdurn
457 2587 623 2665 thoracis
657 2579 805 2664 dimidii
838 2588 1057 2680 latitudine,
1096 2591 1184 2665 sub-

122 2707 550 2801 fusisormi-clavatum,
583 2709 747 2784 feminae
773 2707 918 2811 apicem
947 2733 1074 2785 versus
1100 2708 1185 2812 ple-

122 2855 285 2931 rumque
305 2855 436 2931 parum
456 2854 730 2931 compressum
757 2826 958 2928 segmentis
976 2834 1086 2907 1—4
1100 2855 1185 2902 scn-

124 2950 197 3024 sim
218 2948 436 3040 latioribus,
473 2958 584 3030 1,-3
606 2947 885 3050 angustioribus
899 2971 1011 3048 quum
1027 2944 1184 3048 reliquis

124 3068 391 3171 cospeciebus3
427 3077 446 3148 1
479 3067 625 3172 petiolo
640 3069 755 3172 paulo
770 3065 983 3167 angustiore
1003 3079 1042 3140 et
1067 3064 1186 3166 duplo

125 3189 300 3290 longiore
326 3213 438 3291 quam
471 3214 556 3292 pers
590 3189 726 3266 antica.
780 3189 951 3267 Aculeus
991 3183 1187 3260 subexser-

125 3323 204 3398 tus,
228 3309 634 3404 subsursumcurvatus.
1069 3405 1070 3410 Ἰ

204 3429 329 3536 Mares
357 3444 397 3504 et
422 3427 586 3506 feminae
612 3455 759 3505 mecum
789 3422 1055 3503 communicati
1090 3435 1188 3511 suut,

128 3547 228 3625 circu
262 3546 533 3628 Vindobonom
563 3563 602 3626 et
622 3545 918 3650 Norimbergom
946 3542 1055 3632 lecti,
1082 3567 1192 3643 prae-

126 3685 233 3748 terea
254 3689 359 3758 mas,'
379 3693 499 3772 prope
529 3669 750 3749 Rerolinum
770 3683 920 3771 captus,
954 3680 993 3742 et
1017 3661 1191 3751 feminae,

129 3789 230 3864 circa
251 3788 550 3865 Sicltershonsen
569 3803 608 3864 et
630 3789 802 3866 Genuam
823 3789 956 3863 lectae.
972 3827 1026 3842 -·
1051 3783 1194 3860 Neeseo

130 3907 182 3986 ab
210 3904 403 3986 Esenbccls
423 3907 598 4014 prodibat
624 3907 765 3984 femina
793 3934 815 3983 e
843 3905 1037 3995 lollicu10,
1068 3899 1195 3976 fasciis

130 4027 278 4105 duabus
298 4027 454 4133 basique
475 4029 602 4133 nigris,
619 4027 728 4130 cujus
741 4028 844 4104 larva
863 4025 903 4101 in
914 4026 1018 4101 larva
1031 4023 1197 4100 Pholoe-

871 4143 948 4224 31*
