2744 4628
226 165 303 242 ⁷50
671 163 836 235 aaaron

225 366 289 428 tac
315 349 479 428 cellulae
510 347 662 424 radialis
692 363 733 423 et
764 347 871 424 nervi
897 345 1096 424 inferiores
1119 341 1291 424 'iudicati

227 471 454 548 cellularum
474 468 698 544 cubitalium
717 467 904 546 oriuntur.
930 509 984 526 -··
1008 467 1131 546 Pedes
1150 465 1291 570 pleris-

172 618 174 626 ·
227 617 302 692 que
321 589 479 691 graciles
500 605 566 664 aut
587 589 882 678 submediocres3
908 589 1028 663 rarius
1049 589 1189 691 postici
1204 589 1291 664 hre-

224 736 290 788 tes
312 710 448 799 validi,
474 709 577 785 tibiis
597 707 880 811 femoribusque
901 707 1033 784 crassis
1050 710 1287 811 compressis,

224 857 261 908 t.
279 856 312 906 c.
332 831 376 910 P.
392 833 614 908 cloviventri
634 843 673 904 et
685 828 897 930 grucipedi.
925 871 977 886 -··
1001 828 1205 907 Abdomen
1220 855 1289 932 pe-

224 950 403 1025 tiolatum
432 950 594 1025 nitidum
611 949 735 1038 laeve,
767 947 935 1023 thoracis
957 948 1197 1050 longitudine
1222 965 1287 1024 aut

224 1070 390 1170 longius,
418 1066 1056 1170 compressum3'maribus-thorece
1074 1071 1201 1145 multo
1222 1098 1287 1145 an-

224 1191 386 1290 gustius,
414 1190 527 1264 dorso
548 1187 732 1277 carinam,
759 1187 909 1264 feminis
935 1187 1137 1265 latitudine
1157 1190 1286 1265 thora-

224 1308 280 1384 cis
308 1324 373 1384 aut
392 1309 510 1412 paulo
532 1309 741 1410 angustius,
770 1308 884 1383 dorso
905 1332 1090 1400 connexu,
1119 1310 1285 1412 oblongo

224 1441 291 1502 aut
318 1427 643 1529 oblongo-ovat03
673 1427 826 1501 'leminis
848 1429 890 1503 P.
915 1427 1080 1532 horpurz‘
1105 1445 1145 1504 et
1158 1432 1287 1530 sului-

223 1545 334 1649 pedis
353 1547 414 1623 vix
435 1547 899 1649 subcompressiusculum,
931 1548 1081 1624 leminis
1105 1550 1147 1625 P.
1169 1555 1287 1628 claau-

227 1674 369 1744 uentris
402 1683 442 1744 et
471 1666 693 1770 grovipedis
725 1667 880 1743 minime
911 1693 1184 1771 compressum,
1220 1671 1284 1744 sed

225 1786 720 1874 clavato-teretiusculum3
754 1813 775 1862 a
802 1787 921 1864 latere
948 1787 1085 1878 visum,
1120 1790 1284 1864 maribus

101 1951 104 1958 ·
224 1907 286 1982 vel
307 1906 453 2009 apicem
467 1932 595 1982 versus
618 1907 755 1982 sensim
776 1917 957 1998 crescens,
985 1910 1047 1986 vel
1064 1909 1283 2012 pyrilorme,

223 2025 374 2101 feminis
395 2027 456 2100 vel
478 2027 665 2102 clavatum
687 2025 749 2101 vel
771 2027 998 2128 pyrilorme',
1032 2030 1168 2119 rarius,
1204 2055 1286 2130 seg-

180 2169 182 2174 ·
222 2144 341 2220 menti
355 2145 467 2246 primi
484 2145 584 2222 haud
598 2146 745 2221 ratione
759 2143 901 2236 habita,
928 2149 1168 2249 triangulare,
1197 2175 1229 2224 e.
1245 2175 1281 2250 g.

222 2265 267 2340 P.
290 2269 495 2355 saltatori,
527 2293 624 2368 quac
648 2265 768 2340 forma
802 2281 926 2342 autem
956 2268 1048 2344 oriri
1074 2269 1225 2346 videtur
1252 2270 1282 2344 si

221 2384 370 2460 terebra
412 2383 450 2460 vi
494 2385 651 2486 quadam
697 2411 843 2460 sursum
890 2403 1034 2478 erecta,
1093 2405 1282 2490 segmenta

221 2506 369 2606 postica
390 2503 430 2579 iu
450 2506 638 2580 anteriora
657 2505 831 2606 reprimit
852 2505 1016 2609 indeque
1038 2506 1131 2582 haec
1152 2523 1282 2584 exten-

220 2625 288 2700 dit.
363 2625 603 2726 Segmentum
634 2627 797 2726 primum
827 2625 890 2700 uel
929 2627 1185 2703 laevissimum
1221 2629 1282 2702 tel

220 2744 530 2832 canaliculatum3
569 2760 677 2847 parte
713 2747 836 2821 antica
868 2746 1004 2823 latiore
1031 2745 1283 2849 plurimisque

218 2863 393 2940 breviore
420 2891 530 2966 quam
551 2866 736 2966 petiolas,
770 2865 934 2942 maribus
964 2866 1223 2966 subaequilata
1245 2879 1284 2940 et

219 2986 336 3086 paulo
355 2983 492 3059 latiore
514 3011 626 3086 quam
642 2985 826 3087 petiolus,
854 2985 1004 3060 feminis
1019 2977 1155 3060 latiore
1171 3011 1283 3086 quam

218 3103 402 3193 maribus,
431 3103 577 3206 apicem
596 3131 726 3181 versus
748 3102 886 3180 sensim
906 3103 1072 3180 dilatata.
1100 3147 1154 3162 -
1178 3107 1284 3182 Acu-

220 3227 302 3302 leus
331 3249 477 3298 sursum
512 3227 704 3315 curvatus,
739 3223 891 3300 brevior
916 3238 982 3298 aut
1006 3221 1168 3326 longior.
1222 3227 1284 3298 De

219 3343 429 3420 insertione
462 3341 643 3445 singulari
669 3344 842 3420 tenebrae
874 3340 1034 3444 ejusque
1068 3343 1283 3444 vaginarum

219 3463 393 3539 conferre
420 3463 517 3539 velis
543 3489 641 3568 quac
668 3463 737 3540 sub
767 3463 812 3541 P.
836 3465 1065 3540 cloviventre
1091 3478 1130 3538 ct
1155 3469 1285 3564 grovi-

217 3583 537 3778 pedllcilialionum
550 3700 664 3805 hujus
678 3701 846 3778 familiae
861 3701 908 3778 ad
922 3704 1146 3792 Plectiscos,
1161 3697 1284 3805 atys-

218 3850 302 3913 sos,
337 3826 565 3926 Tropistus,
596 3823 859 3926 Pachymeros
891 3838 930 3900 et
958 3823 1179 3899 Cremostos
1207 3820 1284 3921 jam

219 3943 288 4018 sub
311 3942 370 4020 his
389 3943 619 4021 mentionem
642 3941 729 4020 leci.
752 3983 808 4002 ·-
841 3943 1094 4046 Xylonomis,
1120 3939 1286 4020 Xortdis
