2706 4640
228 181 305 259 ⁰72
707 182 764 250 IV·
792 193 819 246 ¹·
1323 189 1324 192 ’

1324 286 1325 350 l

226 370 418 453 curvatae,
445 362 492 438 ad
512 362 657 463 apicem
678 387 810 466 parum
832 359 1050 453 crasaiores,
1079 363 1276 440 articulis
1296 353 1325 446 3x

226 499 267 562 ct
285 490 309 563 4
330 483 578 586 longioribus.
637 486 742 563 Alae
763 480 956 584 hyalinae,
988 509 1126 584 parum
1157 485 1317 586 pallide

226 604 429 694 luscinias,
464 603 639 706 stigmate
664 604 775 680 fusco
794 602 960 682 incisura
988 605 1142 693 albida,
1181 607 1314 680 nervis

226 725 402 801 omnibus
434 723 563 801 fuscis.
623 724 746 802 Pedes
771 721 902 812 nitidi,
937 722 1052 824 nigri,
1085 723 1314 800 semoribus

227 843 362 920 aulicis
377 843 495 947 apice,
523 843 797 948 posterioribus
811 839 902 917 totis
916 838 1171 945 ferrugineis;
1202 845 1312 920 tibiis
1326 827 1327 864 ³

227 979 268 1044 et
288 965 397 1042 tarsis
420 963 671 1042 anterioribus
693 960 964 1052 dilutelascis,
986 963 1151 1065 posticis
1170 965 1308 1067 nigris.
1327 1046 1328 1062 ἦ

226 1084 429 1168 Abdomen
456 1099 609 1162 ovatum
640 1081 801 1158 nitidum
831 1082 997 1185 nigrum,
1031 1085 1193 1188 petiolo
1224 1069 1328 1162 loa-w

226 1207 345 1310 giore.
400 1206 571 1284 Aculeus
596 1197 870 1280 subexsertus.‘

225 1377 337 1461 chn.
359 1377 539 1480 Trentep.
567 1373 608 1449 in
633 1371 744 1448 Isidis
769 1379 868 1452 1826
894 1396 933 1473 p.
960 1382 1037 1454 239
1068 1400 1151 1450 var.
1184 1401 1228 1467 a;
1269 1377 1305 1452 in

437 1521 569 1590 museo
597 1490 820 1570 Fabriciano
846 1489 921 1586 hoc
947 1491 1195 1572 individuum
1217 1523 1305 1572 cum

366 1701 369 1709 ,
437 1616 547 1700 chn.
563 1617 794 1695 annulatore
811 1610 1058 1712 conjunctum
1071 1630 1169 1707 erat,
1186 1640 1211 1691 a
1227 1644 1302 1719 quo

439 1752 564 1814 autem
591 1731 876 1838 magnitudine,
900 1731 971 1808 alis
997 1732 1298 1822 obscurioribus,

437 1841 790 1964 petiolo‘longiore,
816 1851 959 1958 pedum
980 1851 1122 1946 colore,
1150 1857 1294 1936 differt

471 2169 544 2234 129.
588 2158 616 2228 Ι.
639 2157 990 2229 INVESTIGATOR.
1033 2159 1144 2228 Rossi.

427 2313 547 2402 Niger,
576 2313 711 2381 thorace
736 2311 887 2380 obsoleta
908 2311 1090 2398 maculato,
1119 2314 1218 2383 tibiis
1236 2343 1290 2384 aa·

427 2417 502 2484 ticis
518 2414 643 2508 pallide
661 2413 754 2484 rufis.

275 2588 470 2672 ‘Statura
487 2589 570 2670 fere
597 2598 637 2666 et
655 2586 875 2691 magnitudo
894 2585 1002 2668 leba.
1028 2597 1290 2691 sagittatoris,

225 2711 339 2815 eique
361 2710 496 2788 affluis.
549 2709 773 2810 Longitudo
795 2707 1033 2788 olineanim.
1088 2713 1291 2788 Antennae

224 2844 374 2919 tenues,
403 2856 564 2933 corpore
579 2829 783 2906 breviores.
838 2829 1006 2906 Thorax
1021 2831 1182 2906 maculis
1199 2860 1287 2935 qua-

223 2963 313 3032 tuor
337 2949 513 3051 oblongis
542 2949 785 3051 ferrugineis,
818 2947 953 3028 enticis
981 2949 1046 3026 vix
1067 2951 1285 3040 manifestis,

223 3085 313 3172 post
337 3071 598 3152 morum-fere
623 3070 779 3146 omnino
805 3071 1136 3161 evanescentibus,
1173 3073 1286 3149 inter-

225 3189 316 3266 dum
349 3189 505 3268 thorace
542 3190 798 3270 immaculato.
878 3193 982 3270 Alae
1014 3192 1122 3266 albae
1156 3190 1283 3270 breves

223 3323 385 3401 erectae,
413 3310 586 3413 stigmate
607 3308 725 3414 nigro.
777 3304 1116 3390 Abdomen'tenae
1131 3311 1280 3414 longum

222 3430 474 3512 sublalcatum
488 3432 682 3521 obtusum,
709 3454 782 3510 ano
796 3427 1013 3522 subhiante,
1041 3430 1083 3509 ia
1102 3457 1180 3536 quo
1195 3433 1280 3512 latet

223 3554 380 3630 oculeus
400 3543 655 3633 absconditus.

222 3721 330 3808 Icltn.
358 3729 610 3825 investigator
643 3722 752 3798 Rossi
781 3719 900 3800 Mant.
929 3725 966 3800 11
994 3721 1110 3824 App„
1153 3750 1190 3799 n.
1217 3730 1276 3810 oo

433 3843 589 3924 habitat
602 3844 644 3922 in
657 3869 800 3946 quercu
820 3843 982 3946 aliisque
995 3843 1154 3946 plantis,
1180 3843 1277 3922 festi·

433 3980 568 4046 uaater
586 3964 752 4046 ramulos
772 3979 812 4044 et
831 3962 923 4044 lolia
946 3977 1195 4065 perscrutans.
