2770 4630
287 243 388 294 ιιιι.
417 226 450 307 Ι,
477 240 593 294 auor.
621 241 671 292 rr.
700 240 976 298 cuntronensi.
1088 227 1164 304 579

175 407 336 488 Unicum
359 389 540 484 feminam
560 407 730 508 Manger
754 389 859 512 cepit
883 399 984 488 circa
1007 387 1163 490 Warm·

94 528 235 612 bruun.

493 717 772 820 Synonyma:

174 853 286 936 chn.
314 851 435 935 Leske
460 875 545 956 pag.
574 858 641 942 66,
669 879 705 931 n..
733 853 822 934 285.

301 1073 438 1152 Notat

174 1208 350 1288 Varietas
365 1209 526 1294 secunda
540 1209 707 1290 medium
728 1224 834 1292 tenet
848 1209 948 1290 inter
960 1222 1164 1308 curatoris,

95 1331 313 1434 wficincti,
333 1357 370 1408 ιι.
387 1339 447 1418 87,
476 1345 514 1404 et
527 1333 749 1420 intraturis,
771 1359 807 1408 u.
825 1339 887 1420 90,
913 1359 1045 1423 mares,
1068 1361 1163 1436 quo-

94 1481 185 1534 rum
198 1450 363 1536 feminae
377 1463 503 1526 autem
524 1449 761 1550 longitudine
780 1449 1016 1529 aculeiinter
1031 1479 1071 1528 se
1091 1453 1165 1529 dif-

94 1575 240 1650 ferunt.
269 1611 322 1626 -
348 1566 530 1644 Conferas
546 1568 660 1644 etiam
676 1583 782 1644 notas
796 1570 842 1645 ad
857 1573 1054 1674 majulem,
1073 1601 1111 1652 ιι.
1126 1579 1162 1666 4,

96 1708 139 1772 et
153 1689 201 1768 ad
215 1688 537 1792 chrysostictum,
562 1715 598 1762 ιι.
615 1691 677 1768 49.

405 2053 458 2118 86.
503 2043 540 2110 Ο.
565 2039 795 2112 ASSIMLLIS.
836 2063 872 2108 ιι.

304 2210 491 2279 Abdomine
518 2209 788 2300 subcompresso,
817 2225 1063 2300 segmentorum
1084 2213 1167 2284 nlti-

302 2333 433 2378 morum
446 2309 601 2378 lateribus
616 2313 786 2393 castaneis,
814 2311 955 2400 pedibus
966 2314 1054 2399 rufis,
1074 2319 1165 2384 coxis

304 2425 338 2478 et
358 2411 622 2478 trochanteribus
646 2413 865 2479 anterioribus
892 2413 1001 2497 ssavis,
1029 2420 1166 2504 posticis

306 2513 426 2607 nigris,
449 2513 539 2580 tibiis
562 2513 700 2602 posticis
722 2513 826 2602 nigris
849 2515 960 2580 medio
984 2513 1078 2584 albis.
1122 2541 1167 2586 m.

181 2685 315 2765 Affinis
340 2685 505 2763 maribus
540 2691 672 2790 Camp.
705 2686 878 2790 majolis,
913 2715 948 2763 n.
978 2693 1019 2782 4,
1054 2687 1170 2793 chry-

101 2815 277 2897 sosticti,
304 2834 340 2881 n.
366 2811 433 2898 49,
461 2821 501 2884 et
529 2811 737 2894 ensotoris,
764 2834 800 2881 ιι.
825 2807 892 2896 85;
920 2807 966 2880 ab
994 2807 1167 2883 omnibns

104 2928 239 3004 colore
250 2925 429 3001 tibiarum
441 2927 683 3028 posticarum,
710 2952 731 3000 a
745 2923 997 3027 chrysosticto
1012 2941 1050 3002 et
1062 2953 1169 3002 ensa-

102 3065 192 3124 tore
213 3069 364 3150 quoque
386 3044 662 3148 magnitudine,
697 3043 991 3148 achrysosticto
1015 3045 1171 3150 insuper

104 3181 351 3244 antennarum
367 3165 529 3241 articulo
548 3171 568 3241 1
582 3177 665 3237 toto
679 3161 804 3264 nigro,
831 3161 1044 3242 distinctus.

185 3284 408 3384 Longitndo
427 3283 508 3361 tere
533 3283 774 3364 slineamm.
829 3285 960 3385 Caput
981 3284 1106 3388 palpis
1133 3301 1171 3361 et

107 3405 411 3482 mandibularum
439 3403 566 3480 medio
599 3401 717 3478 flavis.
777 3399 983 3480 Antennae
1013 3403 1172 3480 dimidio

107 3539 270 3628 corpore
290 3524 407 3627 paulo
427 3522 638 3625 longiores,
664 3521 812 3626 apicem
833 3547 961 3600 versus
981 3523 1173 3625 subgrac'i-

108 3647 226 3722 liores
242 3643 500 3722 subcurvatae.
548 3643 716 3722 Thorax
729 3641 907 3745 gibbulus
919 3657 984 3718 aut
997 3641 1174 3744 gibhu'lo-
1245 3691 1248 3697 ,

111 3763 356 3867 cylindricus.
410 3763 751 3852 Aloemediocres,
777 3760 971 3863 hyalinae,
1000 3762 1173 3864 stigmate

114 3895 155 3960 'et
170 3884 276 3958 radio
290 3881 424 3958 susco—
431 3881 568 3985 piceis,
595 3881 721 3958 radice
734 3897 773 3957 et
786 3881 980 3982 squamula
1000 3883 1175 3966 flavicen-

115 4003 239 4094 tibus;
264 4003 389 4080 areola
413 4027 527 4104 parva
550 4002 745 4104 petiolata.
798 4000 921 4079 Pedes
948 4003 1173 4089 mediocrem

830 4120 906 4199 37*
