2776 4628
352 179 454 231 sam.
484 164 540 230 VI.
570 179 903 234 antoninorus.
1082 169 1159 242 717

95 350 166 428 snb
205 362 376 427 ventrem
415 344 618 449 replicata,
664 346 904 449 longitudine
948 345 1158 456 abdominis

92 471 299 548 totiusest.

171 591 296 666 Mares
312 601 351 662 et
367 582 541 674 feminae,
564 583 663 660 circa
678 585 721 664 V
717 580 962 678 iudobonam,
985 587 1159 668 Genuum

95 712 187 788 etin
201 705 663 809 RegionePedemontuna
683 706 792 796 lecti,
819 733 968 784 mecum
989 735 1159 786 commu·

94 831 212 908 nicati
235 843 333 905 sunt.
389 827 567 902 Feminae
594 826 759 901 maribus
786 827 900 930 longe
921 829 1157 932 frequentio-

93 979 154 1030 res
172 965 277 1026 sunt:
304 949 390 1049 Ipse
407 973 518 1022 unam
533 947 772 1024 solummodo
786 949 889 1051 cepi,
915 949 976 1026 die
995 959 1041 1030 ta
1054 952 1156 1043 Iulii,

94 1073 136 1148 in
163 1084 271 1173 prato
298 1092 418 1172 prope
443 1067 701 1158 Scbeiclnicbr
732 1065 861 1170 plures
888 1085 1030 1160 autem,
1058 1073 1158 1148 circa
1278 1109 1280 1116 ·

93 1192 337 1278 Berolinum,
382 1185 530 1264 Hulum
574 1190 802 1278 Santonum,
846 1190 1160 1292 Norimbcrgam,

94 1313 303 1403 Parmam,
329 1333 398 1384 nec
426 1333 502 1384 non
525 1309 566 1386 iu
590 1311 632 1388 V
629 1309 792 1412 olbynio
813 1322 852 1384 et
870 1307 1001 1392 Iberia
1022 1314 1155 1404 lectae,

93 1457 244 1506 mecum
259 1428 557 1506 communicatae
570 1443 668 1520 sunt,
723 1427 937 1506 Notandum
957 1448 1031 1522 est,
1058 1433 1159 1510 indi·

93 1551 226 1640 vidua,
252 1547 408 1624 thorace
428 1548 665 1652 pedibusque
684 1550 800 1650 magis
814 1549 944 1626 colore
961 1553 1158 1630 rubricoso

95 1670 262 1758 imbutis,
290 1668 512 1780 omniaesse
530 1693 640 1744 sexus
654 1665 840 1759 feminini,
866 1669 1055 1776 longeque
1070 1675 1159 1778 plu.

94 1790 191 1867 rima
213 1814 342 1866 eorum
363 1813 411 1866 ex
430 1787 542 1864 Italia
561 1787 790 1864 transmissa.

504 2009 741 2086 Varietas:

175 2155 208 2228 1.
257 2146 438 2226 Thorace
478 2162 562 2224 toto
596 2127 717 2246 nigro.
758 2175 808 2224 m.
848 2187 902 2208 ··-
936 2145 1159 2252 longitudo

95 2269 267 2353 3-lere
284 2276 308 2347 6
322 2267 520 2344 linearum.
576 2271 705 2370 Caput
719 2267 1019 2346 mandibularum
1033 2275 1159 2350 medio

94 2403 291 2476 castane03
318 2388 451 2465 orbitis
472 2386 671 2464 oculorum
693 2389 933 2466 verticalibus
947 2393 1158 2469 stramineis

94 2525 162 2586 aut
190 2508 383 2597 testaceis,
418 2507 683 2610 occipitalibus
710 2508 936 2610 plerumque
961 2512 1156 2588 castaneis.

92 2634 199 2711 Aloe
232 2627 405 2730 stigmate
438 2644 478 2704 et
509 2627 615 2704 radio
649 2628 782 2730 nigris,
815 2627 941 2704 radice
975 2630 1159 2722 exalbida,

94 2749 289 2852 squamula
312 2749 431 2826 rarius
451 2763 531 2824 tota
554 2747 725 2824 exalbida
741 2761 805 2824 aut
819 2747 902 2824 rusa
918 2748 1087 2850 nigrare,
1116 2767 1160 2828 ut

93 2868 301 2972 plurimum
330 2870 436 2946 fusca
461 2868 569 2970 apice
598 2868 784 2944 exalbido.
839 2868 962 2946 Pedes
989 2871 1092 2946 coxis
1120 2883 1161 2948 et

92 2987 398 3064 trochanteribus
425 2988 561 3090 nigrim
579 2985 794 3066 'femoribus
815 2987 949 3064 anticis
972 2993 1159 3081 testaceis,

93 3111 320 3213 plerumque
351 3108 458 3184 basin
487 3135 634 3202 versus,
661 3124 726 3186 aut
747 3108 867 3184 latere
887 3121 1042 3184 externo
1063 3123 1159 3202 toto,

94 3226 422 3331 nigrisflsuscisve,
450 3228 583 3306 mediis
607 3230 832 3332 plerumque
853 3226 983 3328 nigris,
1011 3229 1160 3332 apicem

93 3374 225 3426 versus
247 3348 440 3438 testaceis,
466 3349 584 3424 rarius
607 3347 800 3436 testaceis,
826 3346 933 3423 basin
953 3377 1082 3425 versus
1104 3351 1161 3427 ni·

93 3468 186 3571 gris,
214 3466 372 3568 posticis
401 3467 537 3568 nigris,
564 3469 755 3546 interdum
776 3467 953 3568 geniculo
974 3445 1160 3546 subtesta·

94 3613 181 3676 ceo;
207 3585 315 3664 tibiis
329 3587 580 3663 anterioribus
594 3585 788 3677 testaceis,
816 3587 1076 3689 utplurimum
1095 3615 1162 3664 ex·

92 3724 258 3784 trorsum
279 3705 395 3781 luscis
415 3721 480 3782 aut
507 3706 824 3798 luscescentibus,
851 3699 1008 3810 posticis
1030 3708 1159 3800 luscis,

94 3829 301 3904 introrsum
326 3827 417 3902 rufis
450 3839 516 3903 aut
546 3826 791 3930 ferrugineis,
823 3825 999 3904 omnibus
1033 3816 1160 3908 autem

93 3945 176 4024 basi
197 3944 555 4038 alnido-testaceis,
581 3945 689 4024 tarsis
710 3944 838 4024 luscis.
