2652 4628
325 261 426 312 uni.
457 247 487 324 1,
522 260 641 312 snos.
672 262 693 310 r.
723 215 947 332 enter?
944 205 1101 308 ssu?

932 321 966 360 0
984 315 1022 352 τ
1005 309 1040 352 t

861 363 1124 460 orttvtRSttt

514 591 518 597 .
896 537 947 600 Cn
943 517 1096 605 not-G*

341 667 374 731 1·
415 656 456 770 6.
475 653 814 727 SCULPTURATA
857 679 893 728 n.

281 824 430 894 Pedibus
443 825 523 896 rufis
530 875 541 912 ,
563 829 658 896 coxis
676 827 793 919 nigris.
835 849 882 898 m·

163 1051 333 1130 Statura
375 1067 418 1136 et
454 1053 653 1162 proportio
690 1051 856 1160 partium
893 1047 1005 1128 maris
1047 1047 1148 1128 inse·

99 1187 247 1272 quenns.

171 1289 524 1398 longitudopaulo
549 1291 645 1370 infra
665 1291 830 1396 paulove
848 1289 947 1367 ultro
969 1295 994 1372 4
1015 1288 1146 1366 lineos.

108 1413 285 1490 Antennoe
301 1413 454 1515 apicem
467 1439 594 1491 versus
610 1412 855 1517 subgreciles,
882 1411 1044 1489 dimidio
1066 1436 1151 1486 eor-

100 1557 181 1632 pore
200 1535 411 1636 longiores.
487 1536 591 1612 Aloe
617 1531 1023 1640 subsumatohyalinss,
1057 1531 1149 1634 stig·

96 1670 184 1730 nate
208 1669 249 1731 et
273 1652 387 1734 radio
415 1651 532 1731 tuscis
558 1669 624 1731 aut
647 1655 785 1759 piceis,
817 1654 944 1732 radice
968 1667 1008 1730 et
1038 1677 1150 1758 squa-

96 1775 187 1848 mnla
203 1773 312 1851 flavis
334 1787 403 1848 aut
423 1774 611 1851 testaceis.
664 1775 786 1854 Pedes
810 1773 1009 1864 fulvorufi,
1044 1773 1151 1848 noxis

95 1910 131 1968 et
153 1895 439 1972 trochanterum
459 1893 598 1970 basi
562 1893 695 2002 nrgris3
727 1895 837 1974 tarsis
864 1893 1021 2003 posticis
1040 1889 1152 1998 apice

95 2013 471 2091 snhfuscesoentihus.

163 2135 287 2212 Mares
306 2136 403 2210 duos
430 2132 534 2238 cepi,
568 2159 696 2212 mense
722 2137 909 2240 Augusto,
943 2135 1043 2213 eires
1076 2137 1153 2212 Gu-

93 2252 224 2333 dooam
249 2256 293 2331 in
313 2253 551 2346 umbellatis3
583 2270 660 2332 tres
685 2255 770 2346 alii,
802 2256 903 2334 cirea
929 2251 1152 2339 Norimber·

90 2399 176 2474 gom
196 2389 236 2457 et
255 2373 432 2486 Genuam
453 2375 573 2482 capti,
600 2374 694 2451 mihi
716 2377 821 2454 missi
849 2391 947 2456 sunt.

500 2598 736 2678 varietas:

168 2743 201 2812 1.
233 2733 455 2837 Segmentis
489 2743 614 2817 1-3
642 2739 976 2841 rasomorginotis.
1017 2761 1066 2812 rn.
1102 2777 1154 2794 -

98 2853 314 2956 longitudo
342 2853 425 2934 fere
450 2857 476 2936 5
502 2855 704 2934 linearum.¹
774 2859 878 2936 Aloe
908 2855 1155 2959 subhyalinoe

98 2975 251 3066 iridem,
278 2975 452 3077 stigmate
465 2975 571 3052 radio
586 2977 712 3051 radice
728 2993 768 3052 et
782 2977 977 3082 squamuln
993 2975 1156 3078 pallide-

99 3095 322 3185 stamineis,
357 3095 465 3170 radio
498 3121 658 3198 superne
690 3095 811 3171 fusco.
882 3095 1005 3172 Pedes
1041 3093 1157 3196 paulo

97 3213 283 3316 longiores
310 3239 423 3317 quam
448 3214 490 3290 in
515 3242 617 3294 mare
646 3215 830 3318 genuino,
864 3217 955 3303 rufi}
988 3215 1091 3289 coxis
1118 3229 1158 3291 et

97 3332 396 3412 troohnnterihus
430 3334 564 3436 nigris,
604 3335 741 3410 horum
767 3333 1018 3412 anterioribus
1049 3333 1158 3438 apice

97 3455 197 3545 mfis3
229 3455 371 3561 postici
397 3454 510 3530 tarsis
537 3471 575 3530 et
604 3455 782 3531 tibiarum
807 3455 915 3560 apice
942 3455 1158 3533 fusoescen-

98 3573 203 3651 tibus.

163 3697 272 3774 Hune
310 3721 457 3774 merem
484 3693 801 3799 pedemontanam
835 3695 983 3775 Bonelli
1009 3717 1159 3776 meeum

93 3817 398 3900 communioavit.
