2726 4634
523 237 714 288 crurum
740 223 767 288 1.
1098 221 1171 294 541

110 403 219 480 tertii
268 392 516 476 subtilissime
561 411 601 474 et
647 399 922 477 confertissime
966 393 1173 493 aciculatis,

112 533 346 624 1praeterea
361 520 473 595 lineis
493 518 636 593 duabus
658 513 995 620 longitudinalibus
1014 522 1174 600 dorsali-

109 641 180 716 bus
195 639 365 716 clcratis.
418 641 589 718 Aculeus
604 639 855 718 subexscrtus.

186 759 313 834 Mares
326 759 512 848 nonnulli,
535 758 634 834 circa
648 761 882 848 Berolinum,
901 759 1172 852 Wormhrunn,

107 879 356 978 Gottingcm,
381 881 421 958 V
421 863 652 962 inclobonom
669 891 709 955 et
721 879 874 956 Abocm
890 883 1002 980 capti,
1025 909 1173 958 mecum

111 997 381 1075 communicati
421 1012 519 1073 sunt.
582 997 777 1073 Feminam
815 997 964 1072 unicam
994 1002 1080 1104 ccpi
1111 1003 1173 1078 die

116 1129 135 1200 1
164 1117 345 1198 Octobris
371 1119 413 1198 in
437 1117 582 1198 rubetis
607 1142 729 1224 prope
754 1117 998 1200 Seteidntct.

395 1491 476 1584 'in'
517 1511 555 1578 n.
579 1507 803 1582 onustus.
846 1531 880 1576 n.

317 1677 459 1744 Pedibus
483 1675 597 1763 sultis,
619 1680 709 1748 coxis
733 1677 952 1745 anterioribus
973 1675 1080 1760 flavis;
1105 1691 1175 1744 tar-

317 1781 361 1846 sis
390 1781 547 1868 tibiisque
576 1783 713 1872 posticis
741 1781 861 1870 nigris,
894 1779 946 1846 bis
973 1779 1044 1845 basi
1073 1777 1173 1859 albis3

316 1881 417 1964 facie,
447 1883 578 1951 scutelli
608 1886 716 1976 apice,
744 1881 948 1973 picturisque
974 1882 1120 1950 thoracis
1142 1893 1176 1948 et

313 1985 476 2072 pectoris,
498 1983 602 2054 flavis.
644 2009 691 2056 m.

188 2191 360 2269 Statura
379 2205 418 2266 et
437 2191 638 2296 proportio
657 2189 822 2294 partium
835 2187 947 2264 maris
963 2188 1174 2292 sequentis3

109 2337 274 2416 corpore
292 2325 420 2387 tamen
439 2312 556 2414 paulo
574 2307 775 2416 graciliore
796 2326 836 2389 et
856 2309 998 2388 cellula
1016 2307 1173 2385 cubitali

109 2431 335 2508 intermedia
358 2429 498 2508 differt.

187 2549 412 2650 Longitudo
431 2549 496 2652 2³4
526 2552 724 2628 linearum.
779 2555 909 2656 Caput
934 2573 1001 2626 ore
1021 2562 1061 2624 et
1079 2547 1176 2622 facie

108 2671 231 2750 flavis.
269 2673 491 2769 (Antennce
503 2671 672 2774 desunt).
701 2671 869 2749 Thorax
883 2672 985 2746 linea
998 2671 1074 2743 lata
1089 2680 1175 2741 ante

108 2793 206 2880 alas,
235 2788 378 2866 lineola
400 2790 613 2881 miracles,
641 2793 835 2892 alteraque
848 2790 945 2866 infra
960 2787 1174 2876 scutellum,

108 2911 259 2986 macula
279 2911 464 3012 pectorali
486 2911 653 3002 laterali,
680 2937 767 2984 cum
794 2911 896 2986 linea
925 2908 1176 3012 perpendicu·
1252 2989 1255 2998 ¹

109 3030 182 3106 lari
211 3030 363 3106 laterali
395 3031 628 3120 confluente,
664 3045 869 3130 suturaque
902 3027 1049 3104 laterali
1078 3027 1176 3102 inter

109 3149 379 3252 prothoracem
393 3150 760 3239 etmetatboracem,
787 3148 906 3223 flavis.
960 3148 1175 3226 Scutellum

111 3269 221 3370 apice
243 3269 354 3346 flavo.
408 3272 513 3347 Alce
538 3268 784 3370 subhyalinae
810 3259 968 3359 iridens,
1002 3271 1176 3369 stigmate

111 3401 150 3462 et
169 3386 279 3469 radio
297 3387 431 3478 fuscis,
460 3392 655 3491 squamula
680 3403 719 3466 et
750 3389 876 3465 radice
899 3387 1022 3478 flavis3
1050 3388 1177 3464 areola

111 3529 226 3607 parva
240 3507 475 3609 subregulari
490 3509 685 3609 petiolata.
733 3509 856 3586 Pedes
867 3507 985 3596 fulvi;
1012 3507 1176 3584 anterio-
1282 3589 1287 3600 ,

111 3651 170 3702 res
193 3625 298 3700 coxis
321 3641 361 3702 et
378 3626 682 3708 trochanteribus
709 3621 1011 3731 pallide-flavin
1037 3626 1175 3730 postici

111 3745 417 3822 trochanteribus
433 3746 731 3848 pallide-flavis,
758 3747 864 3822 tibiis
880 3745 1015 3848 nigris,
1042 3747 1177 3822 basiet

110 3866 319 3943 introrsum
333 3865 481 3957 albidis,
507 3868 618 3944 tarsis
634 3868 761 3970 nigris.
808 3863 1011 3944 Abdomen
1023 3866 1177 3970 depres-

114 4013 213 4078 sum,
249 3987 376 4092 capite
402 3985 633 4090 thoraceque
659 3988 775 4090 paulo
808 3985 976 4088 longius,
1011 3985 1176 4060 thoracis
