2744 4628
230 177 310 258 768
680 189 889 256 oeutou
1065 219 1070 230 .

226 353 452 444 lidiorihum
477 349 707 455 menginihus
721 351 875 429 summis
884 351 1295 456 pallide-stmmineis.

227 479 405 560 Aculeus
429 471 672 575 longitudine
698 471 929 564 abdominis,
957 472 1298 550 subsursnm-eur·

222 612 358 684 ..vatum
385 593 507 670 ninius.
598 657 602 664 .
737 653 740 661 .
836 595 842 602 ’
901 595 904 600 ’

229 791 234 813 ί
311 714 508 792 Feminam
539 710 707 801 unicam,¹
740 710 1102 814 cinoa'Frilurgum
1134 727 1295 818 captam,

232 836 457 936 Menzinger
481 845 641 910 mecum·
654 830 956 934 communicavi-t.

473 1203 476 1210 .
529 1149 600 1212 169·
643 1135 679 1204 P·
702 1135 934 1204 MINATOR..
964 1161 999 1204 n.

436 1257 630 1374 lbdominis
643 1307 753 1373 medio
766 1305 858 1387 ruso3
881 1305 1022 1395 pedibus
1032 1307 1112 1374 rufis
1125 1321 1294 1382 nnttesta-

437 1409 513 1488 ceis,
527 1407 617 1474 coxis
630 1407 912 1496 nigromacnlatis3
937 1430 994 1475 ore
1006 1409 1094 1478 ruso.
1115 1409 1140 1478 f.
1164 1413 1292 1500 (aculeo

438 1509 615 1576 abdomine
636 1507 736 1599 paulo
760 1507 943 1598 longiore).

174 1695 176 1700 “
315 1683 484 1760 Statura
518 1697 557 1758 et
591 1679 790 1788 proportio
823 1680 988 1790 partium
1025 1685 1291 1777 antecedentis,

235 1803 371 1878 aculeo
397 1819 436 1878 et
461 1801 607 1904 petiolo
633 1801 749 1904 paulo
775 1799 1024 1902 longioribus.

312 1921 533 2024 Longitudo
565 1931 590 2000 2
621 1921 824 2010 linearum,
866 1947 934 1997 seu
973 1921 1088 2023 paulo
1127 1921 1289 2026 longior.

237 2047 367 2146 Caput
393 2067 459 2118 ore
485 2041 582 2117 ruso.
635 2041 739 2118 Aloe
767 2040 939 2142 stigmate
967 2055 1007 2117 et
1036 2042 1142 2116 radio
1165 2043 1290 2132 luscis,

234 2161 362 2238 radice
395 2175 435 2238 et
466 2159 661 2264 squamula
689 2159 911 2236 stramineis.
971 2160 1095 2239 Pedes
1126 2165 1197 2237 rufi
1229 2177 1294 2238 aut

233 2279 643 2368 testaceo-straminei3
671 2279 774 2354 coxis
788 2281 868 2355 basi
883 2279 1010 2382 nigris,
1030 2281 1188 2383 posticis
1201 2284 1292 2359 totis

234 2402 369 2504 nigrim
396 2398 697 2476 trochanteribus
712 2399 867 2502 posticis
885 2399 966 2475 basi
988 2400 1104 2503 nigra.
1158 2401 1294 2480 Abdo-

236 2551 319 2600 men
345 2520 524 2609 nitidum,
559 2520 697 2622 capitis
722 2519 965 2622 thoracisque
990 2521 1230 2624 longitudine
1255 2541 1295 2600 et

234 2641 454 2730 latitudine,
488 2641 876 2742 elongato-ovatum
915 2644 979 2719 vel
1012 2641 1178 2743 nigrum,
1212 2669 1295 2746 seg-

234 2776 363 2840 mento
384 2769 410 2838 2
431 2775 622 2849 castaneo;
650 2760 712 2835 vel
742 2775 935 2864 segmento
957 2769 983 2838 2
1009 2775 1110 2849 toto,
1139 2763 1295 2864 sapiae

226 2897 276 2960 et
306 2895 456 2969 ventre,
498 2877 741 2981 sequentibus
775 2879 858 2954 solo
891 2895 1039 2969 ventre,
1079 2879 1293 2972 rusofulvis,

229 2999 630 3101 dmargineobsolete
643 2998 868 3076 calescente.
909 3001 1080 3077 Aculeus
1093 3000 1294 3080 abdomine

235 3122 352 3226 paulo
365 3117 531 3221 longior3
559 3118 767 3222 appendice
783 3117 882 3194 sicut
897 3117 937 3192 in
952 3119 996 3194 P.
1011 3119 1196 3222 bosporo.

225 3301 231 3310 .
312 3243 417 3316 Duas
440 3238 596 3314 feminas
613 3239 761 3340 accepi,
789 3238 889 3314 cirea
910 3238 1083 3315 Genuam
1102 3255 1143 3316 et
1164 3241 1205 3316 in
1225 3243 1296 3320 lle-

225 3367 347 3462 gione
375 3357 655 3462 pedemontana
689 3373 835 3460 captam
868 3359 1140 3461 pedemontana
1173 3360 1296 3463 major

225 3495 310 3574 est,
338 3480 537 3559 abdomine
552 3478 678 3582 nigro,
706 3489 1139 3582 segmentoecastaneo.

517 3747 520 3756 =
644 3701 884 3799 Varietasa

224 3783 230 3789 ⁸
315 3846 348 3918 1.
388 3837 607 3920 Abdomine
622 3841 716 3943 sere
740 3853 823 3916 toto
849 3845 972 3940 nigro.
997 3837 1025 3916 f.
1049 3877 1102 3896 -
1127 3837 1299 3917 smum

237 3956 391 4064 quidem
404 3959 549 4064 speciei
569 3959 774 4064 genuinam
799 3957 1041 4066 sednquoque
1060 3955 1298 4042 Poralmode·
