<?xml version="1.0" encoding="UTF-8"?>
<!DOCTYPE html PUBLIC "-//W3C//DTD XHTML 1.0 Transitional//EN"
    "http://www.w3.org/TR/xhtml1/DTD/xhtml1-transitional.dtd">
<html xmlns="http://www.w3.org/1999/xhtml" xml:lang="en" lang="en">
 <head>
  <title>
</title>
<meta http-equiv="Content-Type" content="text/html;charset=utf-8" />
  <meta name='ocr-system' content='tesseract 3.04.00' />
  <meta name='ocr-capabilities' content='ocr_page ocr_carea ocr_par ocr_line ocrx_word'/>
</head>
<body>
  <div class='ocr_page' id='page_1' title='image "./ichneumonologia00cgrgoog_0473.png"; bbox 0 0 2736 4630; ppageno 0'>
   <div class='ocr_carea' id='block_1_1' title="bbox 266 227 1126 309">
    <p class='ocr_par' dir='ltr' id='par_1_1' title="bbox 266 227 1126 309">
     <span class='ocr_line' id='line_1_1' title="bbox 266 227 1126 309; baseline 0.012 -15"><span class='ocrx_word' id='word_1_1' title='bbox 266 227 572 309; x_wconf 74' lang='lat' dir='ltr'><strong>rau.1,srcr.</strong></span> <span class='ocrx_word' id='word_1_2' title='bbox 601 244 626 294; x_wconf 89' lang='lat'><strong>1.</strong></span> <span class='ocrx_word' id='word_1_3' title='bbox 655 241 931 296; x_wconf 74' lang='lat' dir='ltr'><strong>crurortex.</strong></span> <span class='ocrx_word' id='word_1_4' title='bbox 1049 227 1126 304; x_wconf 77' lang='lat'><strong>480</strong></span> 
     </span>
    </p>
   </div>
   <div class='ocr_carea' id='block_1_2' title="bbox 68 406 1158 1710">
    <p class='ocr_par' dir='ltr' id='par_1_2' title="bbox 68 406 1158 858">
     <span class='ocr_line' id='line_1_2' title="bbox 70 406 1126 513; baseline 0.005 -31"><span class='ocrx_word' id='word_1_5' title='bbox 70 406 170 484; x_wconf 84' lang='lat' dir='ltr'><strong>tibiis</strong></span> <span class='ocrx_word' id='word_1_6' title='bbox 184 406 302 488; x_wconf 82' lang='lat' dir='ltr'><strong>fulvis</strong></span> <span class='ocrx_word' id='word_1_7' title='bbox 317 421 383 484; x_wconf 87' lang='lat' dir='ltr'><strong>aut</strong></span> <span class='ocrx_word' id='word_1_8' title='bbox 397 407 697 498; x_wconf 75' lang='lat' dir='ltr'><strong>testaceo-rufis,</strong></span> <span class='ocrx_word' id='word_1_9' title='bbox 723 407 882 510; x_wconf 83' lang='lat' dir='ltr'><strong>posticis</strong></span> <span class='ocrx_word' id='word_1_10' title='bbox 895 409 1003 513; x_wconf 82' lang='lat' dir='ltr'><strong>apice</strong></span> <span class='ocrx_word' id='word_1_11' title='bbox 1017 409 1126 512; x_wconf 82' lang='lat' dir='ltr'><strong>nigro</strong></span> 
     </span>
     <span class='ocr_line' id='line_1_3' title="bbox 70 526 1126 630; baseline 0.008 -30"><span class='ocrx_word' id='word_1_12' title='bbox 70 543 131 602; x_wconf 86' lang='lat' dir='ltr'><strong>aut</strong></span> <span class='ocrx_word' id='word_1_13' title='bbox 142 526 256 604; x_wconf 77' lang='lat' dir='ltr'><strong>fusco</strong></span> <span class='ocrx_word' id='word_1_14' title='bbox 274 527 491 630; x_wconf 82' lang='lat' dir='ltr'><strong>annuloque</strong></span> <span class='ocrx_word' id='word_1_15' title='bbox 508 541 595 603; x_wconf 83' lang='lat' dir='ltr'><strong>arte</strong></span> <span class='ocrx_word' id='word_1_16' title='bbox 612 527 720 603; x_wconf 83' lang='lat' dir='ltr'><strong>basin</strong></span> <span class='ocrx_word' id='word_1_17' title='bbox 737 527 863 619; x_wconf 83' lang='lat' dir='ltr'><strong>fusco,</strong></span> <span class='ocrx_word' id='word_1_18' title='bbox 889 529 1126 608; x_wconf 84' lang='lat' dir='ltr'><strong>distinctiora</strong></span> 
     </span>
     <span class='ocr_line' id='line_1_4' title="bbox 69 633 1127 738; baseline 0.007 -18"><span class='ocrx_word' id='word_1_19' title='bbox 69 663 131 722; x_wconf 85' lang='lat' dir='ltr'><strong>aut</strong></span> <span class='ocrx_word' id='word_1_20' title='bbox 144 649 395 738; x_wconf 80' lang='lat' dir='ltr'><strong>obsoletiore,</strong></span> <span class='ocrx_word' id='word_1_21' title='bbox 422 647 555 726; x_wconf 85' lang='lat' dir='ltr'><strong>mediis</strong></span> <span class='ocrx_word' id='word_1_22' title='bbox 570 646 689 722; x_wconf 83' lang='lat' dir='ltr'><strong>rarius</strong></span> <span class='ocrx_word' id='word_1_23' title='bbox 705 646 835 724; x_wconf 88' lang='lat' dir='ltr'><strong>subtus</strong></span> <span class='ocrx_word' id='word_1_24' title='bbox 854 646 989 738; x_wconf 77' lang='lat' dir='ltr'><strong>fuscis3</strong></span> <span class='ocrx_word' id='word_1_25' title='bbox 1014 633 1127 728; x_wconf 85' lang='lat' dir='ltr'><strong>tarsis</strong></span> 
     </span>
     <span class='ocr_line' id='line_1_5' title="bbox 68 753 1158 858; baseline 0.004 -16"><span class='ocrx_word' id='word_1_26' title='bbox 68 767 200 858; x_wconf 81' lang='lat' dir='ltr'><strong>fuscis,</strong></span> <span class='ocrx_word' id='word_1_27' title='bbox 228 765 480 844; x_wconf 70' lang='lat' dir='ltr'><strong>anterioribus</strong></span> <span class='ocrx_word' id='word_1_28' title='bbox 494 768 557 842; x_wconf 86' lang='lat' dir='ltr'><strong>vel</strong></span> <span class='ocrx_word' id='word_1_29' title='bbox 571 765 650 842; x_wconf 84' lang='lat' dir='ltr'><strong>basi</strong></span> <span class='ocrx_word' id='word_1_30' title='bbox 664 768 726 844; x_wconf 87' lang='lat' dir='ltr'><strong>vel</strong></span> <span class='ocrx_word' id='word_1_31' title='bbox 740 767 830 843; x_wconf 89' lang='lat' dir='ltr'><strong>totis</strong></span> <span class='ocrx_word' id='word_1_32' title='bbox 845 767 1059 847; x_wconf 80' lang='lat' dir='ltr'><strong>rusoiulvia.</strong></span> <span class='ocrx_word' id='word_1_33' title='bbox 1122 833 1124 838; x_wconf 94' lang='lat'><em>.</em></span> <span class='ocrx_word' id='word_1_34' title='bbox 1156 753 1158 760; x_wconf 39' lang='lat'>⁵</span> 
     </span>
    </p>

    <p class='ocr_par' dir='ltr' id='par_1_3' title="bbox 68 884 1128 1710">
     <span class='ocr_line' id='line_1_6' title="bbox 140 884 1128 990; baseline 0.002 -26"><span class='ocrx_word' id='word_1_35' title='bbox 140 891 268 966; x_wconf 86' lang='lat' dir='ltr'><strong>Unum</strong></span> <span class='ocrx_word' id='word_1_36' title='bbox 284 887 368 990; x_wconf 87' lang='lat' dir='ltr'><strong>cepi</strong></span> <span class='ocrx_word' id='word_1_37' title='bbox 383 884 617 964; x_wconf 84' lang='lat' dir='ltr'><strong>individuum</strong></span> <span class='ocrx_word' id='word_1_38' title='bbox 637 886 700 964; x_wconf 86' lang='lat' dir='ltr'><strong>die·</strong></span> <span class='ocrx_word' id='word_1_39' title='bbox 711 895 763 966; x_wconf 70' lang='lat'><strong>22</strong></span> <span class='ocrx_word' id='word_1_40' title='bbox 777 886 871 988; x_wconf 86' lang='lat' dir='ltr'><strong>Maji</strong></span> <span class='ocrx_word' id='word_1_41' title='bbox 888 889 927 963; x_wconf 90' lang='lat' dir='ltr'><strong>in</strong></span> <span class='ocrx_word' id='word_1_42' title='bbox 942 891 1128 967; x_wconf 85' lang='lat' dir='ltr'><strong>umbella·</strong></span> 
     </span>
     <span class='ocr_line' id='line_1_7' title="bbox 69 999 1127 1113; baseline 0.008 -33"><span class='ocrx_word' id='word_1_43' title='bbox 69 1007 115 1082; x_wconf 89' lang='lat' dir='ltr'><strong>tis</strong></span> <span class='ocrx_word' id='word_1_44' title='bbox 128 1035 253 1113; x_wconf 87' lang='lat' dir='ltr'><strong>prope</strong></span> <span class='ocrx_word' id='word_1_45' title='bbox 268 1008 495 1106; x_wconf 72' lang='lat' dir='ltr'><strong>Gottiugom</strong></span> <span class='ocrx_word' id='word_1_46' title='bbox 504 1037 519 1094; x_wconf 93' lang='lat'><strong>,·</strong></span> <span class='ocrx_word' id='word_1_47' title='bbox 543 1008 724 1110; x_wconf 81' lang='lat' dir='ltr'><strong>quaedam</strong></span> <span class='ocrx_word' id='word_1_48' title='bbox 740 1007 824 1096; x_wconf 83' lang='lat' dir='ltr'><strong>alia,</strong></span> <span class='ocrx_word' id='word_1_49' title='bbox 851 1007 954 1083; x_wconf 86' lang='lat' dir='ltr'><strong>circa</strong></span> <span class='ocrx_word' id='word_1_50' title='bbox 972 999 1127 1088; x_wconf 85' lang='lat' dir='ltr'><strong>Warm-</strong></span> 
     </span>
     <span class='ocr_line' id='line_1_8' title="bbox 69 1125 1126 1228; baseline 0.005 -26"><span class='ocrx_word' id='word_1_51' title='bbox 69 1125 213 1221; x_wconf 73' lang='lat' dir='ltr'><strong>trena,</strong></span> <span class='ocrx_word' id='word_1_52' title='bbox 239 1125 534 1226; x_wconf 80' lang='lat' dir='ltr'><strong>Norimhrrgam</strong></span> <span class='ocrx_word' id='word_1_53' title='bbox 555 1142 595 1204; x_wconf 89' lang='lat' dir='ltr'><strong>et</strong></span> <span class='ocrx_word' id='word_1_54' title='bbox 607 1127 647 1202; x_wconf 88' lang='lat' dir='ltr'><strong>in</strong></span> <span class='ocrx_word' id='word_1_55' title='bbox 661 1129 826 1228; x_wconf 77' lang='lat' dir='ltr'><strong>Reginae</strong></span> <span class='ocrx_word' id='word_1_56' title='bbox 837 1128 1126 1207; x_wconf 84' lang='lat' dir='ltr'><strong>Pedrmontuno</strong></span> 
     </span>
     <span class='ocr_line' id='line_1_9' title="bbox 69 1246 1127 1341; baseline 0.004 -20"><span class='ocrx_word' id='word_1_57' title='bbox 69 1246 185 1341; x_wconf 88' lang='lat' dir='ltr'><strong>lecta,</strong></span> <span class='ocrx_word' id='word_1_58' title='bbox 219 1275 368 1326; x_wconf 89' lang='lat' dir='ltr'><strong>mecum</strong></span> <span class='ocrx_word' id='word_1_59' title='bbox 392 1246 666 1323; x_wconf 82' lang='lat' dir='ltr'><strong>communicata</strong></span> <span class='ocrx_word' id='word_1_60' title='bbox 691 1261 789 1322; x_wconf 87' lang='lat' dir='ltr'><strong>sunt.</strong></span> <span class='ocrx_word' id='word_1_61' title='bbox 822 1289 876 1304; x_wconf 92' lang='lat'><strong>·-</strong></span> <span class='ocrx_word' id='word_1_62' title='bbox 906 1248 1127 1326; x_wconf 78' lang='lat' dir='ltr'><strong>Indiuiduo-</strong></span> 
     </span>
     <span class='ocr_line' id='line_1_10' title="bbox 68 1363 1128 1471; baseline 0.005 -33"><span class='ocrx_word' id='word_1_63' title='bbox 68 1391 151 1442; x_wconf 90' lang='lat' dir='ltr'><strong>rum</strong></span> <span class='ocrx_word' id='word_1_64' title='bbox 170 1369 532 1471; x_wconf 86' lang='lat' dir='ltr'><strong>pedemontanorum</strong></span> <span class='ocrx_word' id='word_1_65' title='bbox 552 1394 683 1456; x_wconf 86' lang='lat' dir='ltr'><strong>unum,</strong></span> <span class='ocrx_word' id='word_1_66' title='bbox 710 1363 1011 1443; x_wconf 83' lang='lat' dir='ltr'><strong>trochanteribus</strong></span> <span class='ocrx_word' id='word_1_67' title='bbox 1029 1369 1128 1443; x_wconf 88' lang='lat' dir='ltr'><strong>anti-</strong></span> 
     </span>
     <span class='ocr_line' id='line_1_11' title="bbox 70 1485 1125 1580; baseline 0.008 -22"><span class='ocrx_word' id='word_1_68' title='bbox 70 1485 121 1562; x_wconf 85' lang='lat' dir='ltr'><strong>cis</strong></span> <span class='ocrx_word' id='word_1_69' title='bbox 136 1488 231 1563; x_wconf 88' lang='lat' dir='ltr'><strong>totis</strong></span> <span class='ocrx_word' id='word_1_70' title='bbox 244 1488 466 1577; x_wconf 78' lang='lat' dir='ltr'><strong>stramineis,</strong></span> <span class='ocrx_word' id='word_1_71' title='bbox 481 1487 652 1580; x_wconf 88' lang='lat' dir='ltr'><strong>alterum,</strong></span> <span class='ocrx_word' id='word_1_72' title='bbox 666 1485 871 1565; x_wconf 81' lang='lat' dir='ltr'><strong>femoribus</strong></span> <span class='ocrx_word' id='word_1_73' title='bbox 886 1486 1020 1564; x_wconf 88' lang='lat' dir='ltr'><strong>mediis</strong></span> <span class='ocrx_word' id='word_1_74' title='bbox 1033 1489 1125 1566; x_wconf 85' lang='lat' dir='ltr'><strong>totis</strong></span> 
     </span>
     <span class='ocr_line' id='line_1_12' title="bbox 68 1604 571 1710; baseline 0.008 -32"><span class='ocrx_word' id='word_1_75' title='bbox 68 1604 202 1700; x_wconf 78' lang='lat' dir='ltr'><strong>fulvis,</strong></span> <span class='ocrx_word' id='word_1_76' title='bbox 229 1606 420 1710; x_wconf 87' lang='lat' dir='ltr'><strong>arcliquis</strong></span> <span class='ocrx_word' id='word_1_77' title='bbox 432 1605 571 1684; x_wconf 80' lang='lat' dir='ltr'><strong>differt.</strong></span> 
     </span>
    </p>
   </div>
   <div class='ocr_carea' id='block_1_3' title="bbox 352 1997 838 2074">
    <p class='ocr_par' dir='ltr' id='par_1_4' title="bbox 352 1997 838 2074">
     <span class='ocr_line' id='line_1_13' title="bbox 352 1997 838 2074; baseline -0.012 0"><span class='ocrx_word' id='word_1_78' title='bbox 352 2009 407 2074; x_wconf 82' lang='lat'><strong>21·</strong></span> <span class='ocrx_word' id='word_1_79' title='bbox 448 1999 485 2066; x_wconf 88' lang='lat' dir='ltr'><strong>C.</strong></span> <span class='ocrx_word' id='word_1_80' title='bbox 508 1997 760 2070; x_wconf 84' lang='lat' dir='ltr'><strong>PARVULUS.</strong></span> <span class='ocrx_word' id='word_1_81' title='bbox 802 2023 838 2068; x_wconf 83' lang='lat' dir='ltr'><strong>n.</strong></span> 
     </span>
    </p>
   </div>
   <div class='ocr_carea' id='block_1_4' title="bbox 269 2167 1127 2564">
    <p class='ocr_par' dir='ltr' id='par_1_5' title="bbox 269 2167 1127 2564">
     <span class='ocr_line' id='line_1_14' title="bbox 272 2167 1127 2259; baseline 0.001 -24"><span class='ocrx_word' id='word_1_82' title='bbox 272 2167 455 2236; x_wconf 87' lang='lat' dir='ltr'><strong>Abdomine</strong></span> <span class='ocrx_word' id='word_1_83' title='bbox 477 2167 744 2258; x_wconf 79' lang='lat' dir='ltr'><strong>subcompress03</strong></span> <span class='ocrx_word' id='word_1_84' title='bbox 771 2167 910 2259; x_wconf 89' lang='lat' dir='ltr'><strong>pedibus</strong></span> <span class='ocrx_word' id='word_1_85' title='bbox 932 2167 1028 2252; x_wconf 81' lang='lat' dir='ltr'><strong>ruiis3</strong></span> <span class='ocrx_word' id='word_1_86' title='bbox 1051 2181 1127 2236; x_wconf 88' lang='lat' dir='ltr'><strong>tro-</strong></span> 
     </span>
     <span class='ocr_line' id='line_1_15' title="bbox 271 2270 1126 2360; baseline 0 -24"><span class='ocrx_word' id='word_1_87' title='bbox 271 2270 478 2336; x_wconf 86' lang='lat' dir='ltr'><strong>chantcribus</strong></span> <span class='ocrx_word' id='word_1_88' title='bbox 500 2271 651 2358; x_wconf 89' lang='lat' dir='ltr'><strong>posticis,</strong></span> <span class='ocrx_word' id='word_1_89' title='bbox 677 2272 768 2360; x_wconf 88' lang='lat' dir='ltr'><strong>apice</strong></span> <span class='ocrx_word' id='word_1_90' title='bbox 789 2271 954 2337; x_wconf 85' lang='lat' dir='ltr'><strong>semorum</strong></span> <span class='ocrx_word' id='word_1_91' title='bbox 973 2273 1126 2360; x_wconf 85' lang='lat' dir='ltr'><strong>postico-</strong></span> 
     </span>
     <span class='ocr_line' id='line_1_16' title="bbox 269 2367 1125 2462; baseline 0.001 -23"><span class='ocrx_word' id='word_1_92' title='bbox 269 2397 359 2454; x_wconf 89' lang='lat' dir='ltr'><strong>rum,</strong></span> <span class='ocrx_word' id='word_1_93' title='bbox 382 2373 549 2459; x_wconf 75' lang='lat' dir='ltr'><strong>coriisque,</strong></span> <span class='ocrx_word' id='word_1_94' title='bbox 573 2373 686 2458; x_wconf 79' lang='lat' dir='ltr'><strong>nigris.</strong></span> <span class='ocrx_word' id='word_1_95' title='bbox 714 2369 737 2440; x_wconf 80' lang='lat' dir='ltr'><strong>f.</strong></span> <span class='ocrx_word' id='word_1_96' title='bbox 766 2367 892 2451; x_wconf 85' lang='lat' dir='ltr'><strong>(aculeo</strong></span> <span class='ocrx_word' id='word_1_97' title='bbox 915 2371 1125 2462; x_wconf 86' lang='lat' dir='ltr'><strong>longitudine</strong></span> 
     </span>
     <span class='ocr_line' id='line_1_17' title="bbox 270 2474 764 2564; baseline -0.004 -24"><span class='ocrx_word' id='word_1_98' title='bbox 270 2487 403 2561; x_wconf 76' lang='lat' dir='ltr'><strong>quartae</strong></span> <span class='ocrx_word' id='word_1_99' title='bbox 424 2475 527 2564; x_wconf 85' lang='lat' dir='ltr'><strong>partis</strong></span> <span class='ocrx_word' id='word_1_100' title='bbox 548 2474 764 2558; x_wconf 78' lang='lat' dir='ltr'><strong>abdominis).</strong></span> 
     </span>
    </p>
   </div>
   <div class='ocr_carea' id='block_1_5' title="bbox 70 2677 1129 4110">
    <p class='ocr_par' dir='ltr' id='par_1_6' title="bbox 70 2677 1129 4110">
     <span class='ocr_line' id='line_1_18' title="bbox 147 2677 1127 2782; baseline 0 -26"><span class='ocrx_word' id='word_1_101' title='bbox 147 2680 616 2782; x_wconf 61' lang='lat' dir='ltr'><strong>Longitudosslinearum.</strong></span> <span class='ocrx_word' id='word_1_102' title='bbox 671 2683 801 2782; x_wconf 79' lang='lat' dir='ltr'><strong>caput</strong></span> <span class='ocrx_word' id='word_1_103' title='bbox 820 2677 945 2781; x_wconf 79' lang='lat' dir='ltr'><strong>pulpis</strong></span> <span class='ocrx_word' id='word_1_104' title='bbox 965 2693 1005 2756; x_wconf 91' lang='lat' dir='ltr'><strong>et</strong></span> <span class='ocrx_word' id='word_1_105' title='bbox 1023 2705 1127 2756; x_wconf 87' lang='lat' dir='ltr'><strong>man-</strong></span> 
     </span>
     <span class='ocr_line' id='line_1_19' title="bbox 74 2797 1126 2889; baseline 0 -15"><span class='ocrx_word' id='word_1_106' title='bbox 74 2797 282 2876; x_wconf 82' lang='lat' dir='ltr'><strong>dibularum</strong></span> <span class='ocrx_word' id='word_1_107' title='bbox 303 2801 427 2879; x_wconf 87' lang='lat' dir='ltr'><strong>medio</strong></span> <span class='ocrx_word' id='word_1_108' title='bbox 453 2803 640 2880; x_wconf 79' lang='lat' dir='ltr'><strong>testaceis.</strong></span> <span class='ocrx_word' id='word_1_109' title='bbox 693 2802 896 2878; x_wconf 83' lang='lat' dir='ltr'><strong>Antennae</strong></span> <span class='ocrx_word' id='word_1_110' title='bbox 919 2797 1126 2889; x_wconf 79' lang='lat' dir='ltr'><strong>filtrormes,</strong></span> 
     </span>
     <span class='ocr_line' id='line_1_20' title="bbox 76 2919 1128 3023; baseline -0.001 -28"><span class='ocrx_word' id='word_1_111' title='bbox 76 2943 230 3023; x_wconf 88' lang='lat' dir='ltr'><strong>corpore</strong></span> <span class='ocrx_word' id='word_1_112' title='bbox 243 2923 359 3023; x_wconf 84' lang='lat' dir='ltr'><strong>paulo</strong></span> <span class='ocrx_word' id='word_1_113' title='bbox 369 2921 573 3000; x_wconf 88' lang='lat' dir='ltr'><strong>breviores.</strong></span> <span class='ocrx_word' id='word_1_114' title='bbox 614 2920 781 2998; x_wconf 75' lang='lat' dir='ltr'><strong>Thorax</strong></span> <span class='ocrx_word' id='word_1_115' title='bbox 793 2919 982 3020; x_wconf 84' lang='lat' dir='ltr'><strong>gibbulus.</strong></span> <span class='ocrx_word' id='word_1_116' title='bbox 1023 2921 1128 2996; x_wconf 84' lang='lat' dir='ltr'><strong>Alce</strong></span> 
     </span>
     <span class='ocr_line' id='line_1_21' title="bbox 75 3035 1128 3144; baseline 0 -31"><span class='ocrx_word' id='word_1_117' title='bbox 75 3035 247 3142; x_wconf 84' lang='lat' dir='ltr'><strong>hyalinae</strong></span> <span class='ocrx_word' id='word_1_118' title='bbox 266 3042 423 3132; x_wconf 77' lang='lat' dir='ltr'><strong>iridene,</strong></span> <span class='ocrx_word' id='word_1_119' title='bbox 452 3042 626 3144; x_wconf 82' lang='lat' dir='ltr'><strong>stigmate</strong></span> <span class='ocrx_word' id='word_1_120' title='bbox 651 3055 692 3116; x_wconf 86' lang='lat' dir='ltr'><strong>et</strong></span> <span class='ocrx_word' id='word_1_121' title='bbox 711 3039 815 3115; x_wconf 85' lang='lat' dir='ltr'><strong>radio</strong></span> <span class='ocrx_word' id='word_1_122' title='bbox 841 3037 974 3127; x_wconf 89' lang='lat' dir='ltr'><strong>fuscis,</strong></span> <span class='ocrx_word' id='word_1_123' title='bbox 1001 3037 1128 3113; x_wconf 83' lang='lat' dir='ltr'><strong>radice</strong></span> 
     </span>
     <span class='ocr_line' id='line_1_22' title="bbox 76 3158 1128 3266; baseline -0.004 -30"><span class='ocrx_word' id='word_1_124' title='bbox 76 3176 111 3236; x_wconf 89' lang='lat' dir='ltr'><strong>et</strong></span> <span class='ocrx_word' id='word_1_125' title='bbox 129 3162 325 3266; x_wconf 87' lang='lat' dir='ltr'><strong>squamula</strong></span> <span class='ocrx_word' id='word_1_126' title='bbox 344 3162 644 3264; x_wconf 81' lang='lat' dir='ltr'><strong>pallide-flavis3</strong></span> <span class='ocrx_word' id='word_1_127' title='bbox 670 3160 796 3234; x_wconf 83' lang='lat' dir='ltr'><strong>areola</strong></span> <span class='ocrx_word' id='word_1_128' title='bbox 821 3158 1128 3260; x_wconf 87' lang='lat' dir='ltr'><strong>oblique-trans-</strong></span> 
     </span>
     <span class='ocr_line' id='line_1_23' title="bbox 75 3278 1128 3383; baseline -0.002 -27"><span class='ocrx_word' id='word_1_129' title='bbox 75 3307 187 3372; x_wconf 81' lang='lat' dir='ltr'><strong>tersa,</strong></span> <span class='ocrx_word' id='word_1_130' title='bbox 211 3281 476 3383; x_wconf 85' lang='lat' dir='ltr'><strong>subpetiolata,</strong></span> <span class='ocrx_word' id='word_1_131' title='bbox 497 3308 612 3360; x_wconf 86' lang='lat' dir='ltr'><strong>nervo</strong></span> <span class='ocrx_word' id='word_1_132' title='bbox 626 3279 812 3356; x_wconf 83' lang='lat' dir='ltr'><strong>exteriore</strong></span> <span class='ocrx_word' id='word_1_133' title='bbox 826 3278 1012 3380; x_wconf 85' lang='lat' dir='ltr'><strong>pertenui.</strong></span> <span class='ocrx_word' id='word_1_134' title='bbox 1056 3278 1128 3354; x_wconf 88' lang='lat' dir='ltr'><strong>Pe-</strong></span> 
     </span>
     <span class='ocr_line' id='line_1_24' title="bbox 74 3397 1128 3500; baseline -0.008 -20"><span class='ocrx_word' id='word_1_135' title='bbox 74 3402 137 3481; x_wconf 82' lang='lat' dir='ltr'><strong>des</strong></span> <span class='ocrx_word' id='word_1_136' title='bbox 160 3402 367 3478; x_wconf 85' lang='lat' dir='ltr'><strong>anteriores</strong></span> <span class='ocrx_word' id='word_1_137' title='bbox 389 3402 564 3490; x_wconf 86' lang='lat' dir='ltr'><strong>testacei,</strong></span> <span class='ocrx_word' id='word_1_138' title='bbox 590 3397 893 3476; x_wconf 86' lang='lat' dir='ltr'><strong>trochanteribus</strong></span> <span class='ocrx_word' id='word_1_139' title='bbox 914 3397 1128 3500; x_wconf 84' lang='lat' dir='ltr'><strong>pallidiori-</strong></span> 
     </span>
     <span class='ocr_line' id='line_1_25' title="bbox 70 3516 1127 3624; baseline -0.006 -27"><span class='ocrx_word' id='word_1_140' title='bbox 70 3523 157 3614; x_wconf 90' lang='lat' dir='ltr'><strong>bus,</strong></span> <span class='ocrx_word' id='word_1_141' title='bbox 185 3522 290 3599; x_wconf 85' lang='lat' dir='ltr'><strong>coxis</strong></span> <span class='ocrx_word' id='word_1_142' title='bbox 320 3521 453 3622; x_wconf 80' lang='lat' dir='ltr'><strong>nigris3</strong></span> <span class='ocrx_word' id='word_1_143' title='bbox 481 3521 620 3624; x_wconf 87' lang='lat' dir='ltr'><strong>postici</strong></span> <span class='ocrx_word' id='word_1_144' title='bbox 642 3521 745 3596; x_wconf 85' lang='lat' dir='ltr'><strong>coxis</strong></span> <span class='ocrx_word' id='word_1_145' title='bbox 769 3535 807 3595; x_wconf 87' lang='lat' dir='ltr'><strong>et</strong></span> <span class='ocrx_word' id='word_1_146' title='bbox 825 3516 1127 3594; x_wconf 85' lang='lat' dir='ltr'><strong>trochanteribus</strong></span> 
     </span>
     <span class='ocr_line' id='line_1_26' title="bbox 76 3637 1128 3746; baseline -0.006 -28"><span class='ocrx_word' id='word_1_147' title='bbox 76 3644 204 3746; x_wconf 82' lang='lat' dir='ltr'><strong>nigris,</strong></span> <span class='ocrx_word' id='word_1_148' title='bbox 232 3643 438 3718; x_wconf 85' lang='lat' dir='ltr'><strong>femoribus</strong></span> <span class='ocrx_word' id='word_1_149' title='bbox 461 3643 552 3718; x_wconf 87' lang='lat' dir='ltr'><strong>rufis</strong></span> <span class='ocrx_word' id='word_1_150' title='bbox 572 3640 749 3742; x_wconf 85' lang='lat' dir='ltr'><strong>geniculo</strong></span> <span class='ocrx_word' id='word_1_151' title='bbox 763 3639 886 3740; x_wconf 82' lang='lat' dir='ltr'><strong>nigro,</strong></span> <span class='ocrx_word' id='word_1_152' title='bbox 914 3637 1019 3712; x_wconf 86' lang='lat' dir='ltr'><strong>tibiis</strong></span> <span class='ocrx_word' id='word_1_153' title='bbox 1033 3652 1128 3712; x_wconf 88' lang='lat' dir='ltr'><strong>stra-</strong></span> 
     </span>
     <span class='ocr_line' id='line_1_27' title="bbox 76 3756 1125 3865; baseline -0.003 -27"><span class='ocrx_word' id='word_1_154' title='bbox 76 3765 216 3854; x_wconf 88' lang='lat' dir='ltr'><strong>mineis‚</strong></span> <span class='ocrx_word' id='word_1_155' title='bbox 239 3764 346 3865; x_wconf 89' lang='lat' dir='ltr'><strong>apice</strong></span> <span class='ocrx_word' id='word_1_156' title='bbox 361 3778 400 3838; x_wconf 90' lang='lat' dir='ltr'><strong>et</strong></span> <span class='ocrx_word' id='word_1_157' title='bbox 413 3762 493 3837; x_wconf 85' lang='lat' dir='ltr'><strong>basi</strong></span> <span class='ocrx_word' id='word_1_158' title='bbox 508 3761 634 3862; x_wconf 84' lang='lat' dir='ltr'><strong>nigris,</strong></span> <span class='ocrx_word' id='word_1_159' title='bbox 653 3759 763 3834; x_wconf 82' lang='lat' dir='ltr'><strong>tarsis</strong></span> <span class='ocrx_word' id='word_1_160' title='bbox 777 3757 904 3849; x_wconf 82' lang='lat' dir='ltr'><strong>fuscis,</strong></span> <span class='ocrx_word' id='word_1_161' title='bbox 927 3756 1088 3832; x_wconf 88' lang='lat' dir='ltr'><strong>articulo</strong></span> <span class='ocrx_word' id='word_1_162' title='bbox 1106 3764 1125 3835; x_wconf 92' lang='lat'>1</span> 
     </span>
     <span class='ocr_line' id='line_1_28' title="bbox 75 3876 1129 3983; baseline -0.008 -23"><span class='ocrx_word' id='word_1_163' title='bbox 75 3885 149 3962; x_wconf 85' lang='lat' dir='ltr'><strong>basi</strong></span> <span class='ocrx_word' id='word_1_164' title='bbox 164 3885 376 3964; x_wconf 87' lang='lat' dir='ltr'><strong>straminea.</strong></span> <span class='ocrx_word' id='word_1_165' title='bbox 415 3881 618 3963; x_wconf 80' lang='lat' dir='ltr'><strong>Abdomen</strong></span> <span class='ocrx_word' id='word_1_166' title='bbox 631 3879 757 3983; x_wconf 90' lang='lat' dir='ltr'><strong>capite</strong></span> <span class='ocrx_word' id='word_1_167' title='bbox 770 3877 998 3979; x_wconf 87' lang='lat' dir='ltr'><strong>thoraceque</strong></span> <span class='ocrx_word' id='word_1_168' title='bbox 1013 3876 1129 3979; x_wconf 84' lang='lat' dir='ltr'><strong>paulo</strong></span> 
     </span>
     <span class='ocr_line' id='line_1_29' title="bbox 76 3999 1127 4110; baseline -0.009 -30"><span class='ocrx_word' id='word_1_169' title='bbox 76 4006 221 4110; x_wconf 75' lang='lat' dir='ltr'><strong>longius</strong></span> <span class='ocrx_word' id='word_1_170' title='bbox 234 4021 273 4084; x_wconf 91' lang='lat' dir='ltr'><strong>ct</strong></span> <span class='ocrx_word' id='word_1_171' title='bbox 287 4001 497 4107; x_wconf 84' lang='lat' dir='ltr'><strong>angustius,</strong></span> <span class='ocrx_word' id='word_1_172' title='bbox 525 3999 855 4104; x_wconf 84' lang='lat' dir='ltr'><strong>subcylindricum,</strong></span> <span class='ocrx_word' id='word_1_173' title='bbox 883 3999 1030 4102; x_wconf 86' lang='lat' dir='ltr'><strong>apicem</strong></span> <span class='ocrx_word' id='word_1_174' title='bbox 1044 4023 1127 4075; x_wconf 87' lang='lat' dir='ltr'><strong>ver-</strong></span> 
     </span>
    </p>
   </div>
   <div class='ocr_carea' id='block_1_6' title="bbox 0 0 1372 4630">
    <p class='ocr_par' dir='ltr' id='par_1_7' title="bbox 0 0 1372 4630">
     <span class='ocr_line' id='line_1_30' title="bbox 0 0 1372 4630; baseline 0 0"><span class='ocrx_word' id='word_1_175' title='bbox 0 0 1372 4630; x_wconf 95' lang='lat' dir='ltr'><strong> </strong></span> 
     </span>
    </p>
   </div>
  </div>
 </body>
</html>
