2706 4640
533 192 597 259 Ν..
618 205 643 259 1·
1043 193 1119 264 ott

143 435 147 444 .
260 375 395 450 Nota:

117 504 301 587 Linriens
323 512 403 586 sine
424 511 526 586 omni
548 509 664 618 dnbio
686 509 755 586 sub
781 507 850 586 hac
879 511 1005 614 specie
1028 510 1119 588 duas

19 632 205 734 species
244 631 440 708 distinctas
479 630 667 721 confudit,
710 656 795 704 nam
831 629 1037 730 diagnosis,
1079 633 1120 706 in

19 754 213 832 Faunae
246 737 424 828 editione·
445 751 563 826 altera
598 748 781 838 exhibita,
815 749 928 851 longo
959 751 1120 828 discedit

20 903 48 950 a
75 870 374 974 descriptione,
403 870 465 946 illi
492 870 660 972 diagnosi
692 869 907 970 subjuncta3
935 869 1028 946 haec
1054 871 1119 946 de-

24 993 218 1096 scriptio
246 1007 370 1068 autam
392 1018 413 1068 e
433 993 584 1066 Faunae
610 990 777 1066 editione
803 991 924 1092 prima
950 990 1120 1070 desumto

26 1129 113 1192 est.
181 1112 263 1188 Una
289 1109 434 1214 species
462 1111 638 1204 (Faunae
663 1111 720 1186 ed.
735 1109 875 1215 prima)
900 1123 959 1184 est
985 1115 1121 1210 nigr03

27 1233 263 1312 abdomine
278 1218 531 1333 ferrugineo,
556 1237 666 1332 apice
684 1237 825 1330 'nigror
854 1228 1015 1332 pedibus
1030 1233 1120 1332 fer-

31 1359 246 1454 rugineis,
268 1349 488 1453 semoribus
510 1356 670 1452 posticis
694 1357 837 1452 nigrim
874 1353 1007 1426 aculeo
1028 1351 1122 1450 fere

34 1471 301 1574 longitndine
315 1468 557 1548 abdominis·
585 1471 642 1544 Ad
654 1471 762 1579 hanc,
782 1497 879 1572 quae
892 1469 1018 1546 forsan
1032 1495 1120 1545 vera

38 1595 214 1696 Pimpla
241 1605 316 1680 est,
342 1589 476 1665 referri
503 1602 631 1689 potest
649 1591 758 1667 chn.
780 1589 1018 1669 strobilelloe
1037 1591 1121 1666 Vil-

37 1713 163 1790 lersii
186 1725 224 1786 et
244 1707 416 1786 Olivieri.
451 1708 597 1783 'Altera
624 1711 767 1812 species
795 1711 968 1815 (Faunae
993 1709 1051 1784 ed.
1079 1717 1121 1799 Ξ)

42 1851 108 1912 est
124 1839 264 1930 nigra‚·
286 1827 447 1932 pedibus
459 1829 739 1921 latescentilms,
764 1839 1000 1934 porticorum
1016 1827 1122 1907 tibiis

44 1961 252 2054 tersisque
282 1955 405 2049 nigris
441 1950 751 2040 ulbonnnulntis3
787 1955 921 2032 oculeo
961 1975 1122 2052 corpore

44 2063 242 2176 longiora
271 2071 392 2160 Huic,
414 2097 511 2172 quae
528 2073 654 2148 forsan
666 2075 870 2176 Ephialtes
883 2087 952 2160 est,
965 2095 1121 2172 respon·
1221 2079 1224 2086 '

45 2199 148 2273 dent
163 2189 437 2290 descriptiones
457 2191 692 2294 reliquorum
714 2208 927 2282 auctorum,
955 2203 1050 2266 ame
1063 2190 1121 2266 in-

49 2309 287 2412 terrogative
311 2309 577 2386 adhibitorum.
631 2314 687 2390 Ad
700 2305 859 2414 primam
874 2312 980 2386 illam
995 2309 1119 2384 forsan

50 2431 192 2509 reterri
214 2442 342 2529 potest
362 2427 466 2504 Ichn.
492 2455 604 2530 quem
626 2432 791 2538 Linneus
820 2431 862 2509 in
880 2429 982 2508 Actis
1012 2430 1116 2504 Suec.
1143 2511 1148 2518 ‚

57 2561 178 2640 1736,
207 2573 290 2653 pag.
316 2549 406 2637 125,
434 2551 510 2626 n.5
533 2549 750 2654 descripsit,
775 2549 868 2628 licet
886 2547 1005 2654 opinis
1024 2549 1120 2653 nigri

56 2670 269 2750 abdominis
287 2669 393 2746 nulla
405 2669 551 2746 mentio
565 2669 664 2748 facta
680 2669 740 2748 sit.
812 2661 818 2674 ’

324 3026 397 3092 141.
442 3021 468 3084 Ι.
492 3018 777 3090 RESINELLAE.
819 3023 857 3088 L.
901 2965 904 2972 *

261 3188 590 3272 Abdonrinc'sessili3
614 3193 722 3278 niger,
747 3189 898 3257 antennis
920 3189 992 3255 husi
1014 3189 1119 3272 luteis,

260 3291 400 3378 pedibus
422 3287 524 3358 ssavis·
569 3316 612 3360 m.

140 3503 288 3601 Corpus
302 3499 480 3574 filisorme
495 3501 694 3576 minutum.
736 3497 958 3599 Longitudo
972 3499 1114 3596 2-272

65 3619 263 3707 linearum
288 3617 555 3712 (Soharfenh.)
582 3622 786 3697 Antennoe
800 3645 960 3722 corpore
973 3617 1122 3720 longio-

67 3765 124 3816 res
141 3741 202 3830 (L.
217 3741 317 3842 Syst.
334 3739 427 3814 Vill.
453 3740 603 3831 Oliv.),‹
618 3741 748 3816 subtus
770 3740 896 3818 luteae
918 3737 1117 3830 (Thnnb.).

68 3859 260 3938 Abdomen
275 3857 613 3960 suhoylindricum,
641 3887 708 3938 seu
729 3849 1121 3961 cylindricumincur-

71 4005 167 4069 vum,
184 3980 336 4060 sessile.
