2764 4628
501 773 861 852 SECTIO
932 773 991 845 1.-

350 1017 509 1084 Aniensis
529 1019 812 1100 albo-annulatis,
835 1017 970 1080 scutelle
991 1015 1124 1099 pallido.

525 1337 551 1392 1.
584 1332 793 1389 annotante
809 1330 947 1388 meno.

279 1541 503 1619 Anomalon
529 1545 769 1644 variegatam
799 1543 878 1617 Jur.
907 1540 964 1640 (n.
993 1539 1057 1641 4),
1090 1539 1273 1618 antennis

205 1656 342 1750 fuscis,
369 1661 693 1742 articulisss-lo
707 1660 950 1766 imagineis,
975 1658 1131 1736 thorace
1144 1659 1272 1762 nigro,

207 1779 435 1884 prothorace
446 1795 486 1857 et
504 1781 667 1858 scutella
681 1783 782 1874 rufis,
808 1781 873 1859 vix
886 1781 933 1856 ad
946 1779 1043 1856 hanc
1057 1778 1273 1858 sectionem

207 1897 391 2002 pertinet‚'
404 1914 588 1976 antennae
601 1899 703 1976 enim
718 1901 818 1977 haud
832 1900 940 1976 albo·
951 1901 1018 1981 sed
1029 1899 1272 2003 ferrugineo·

206 2021 408 2097 annulatae
422 2035 527 2112 sunt,
554 2021 758 2097 scutellum
773 2037 915 2113 autem,
942 2020 1160 2124 prothoraci
1174 2045 1273 2097 con·

207 2141 333 2231 color,
358 2141 485 2218 rusum
510 2139 663 2244 quidem
684 2158 758 2231 est,
787 2169 858 2220 nec
876 2169 967 2220 vero
987 2141 1132 2231 album,
1161 2155 1207 2216 nt
1225 2141 1268 2216 in

207 2260 366 2364 reliquis
381 2261 579 2366 speciebus
593 2257 707 2361 hujus
721 2261 912 2339 sectionis.
957 2263 1041 2338 Hoc
1053 2260 1269 2336 Anomalon

207 2383 341 2462 eodem
352 2381 454 2484 jure,
481 2408 558 2487 qno
580 2383 621 2460 in
635 2381 732 2458 hane
745 2383 905 2486 primam
919 2381 1127 2459 sectionem
1140 2381 1269 2457 collo-

207 2519 314 2580 catus
335 2517 408 2593 est,
436 2502 551 2580 etiam
576 2501 617 2580 in
639 2508 824 2582 sectiones
842 2506 904 2594 ΙΙ,
922 2505 998 2580 ΙΙΙ
1012 2517 1079 2578 aut
1095 2504 1166 2582 IV
1182 2503 1268 2580 col·

205 2624 325 2704 locari
344 2623 543 2729 potuisset.

281 2744 476 2824 Ichnenm.
490 2741 776 2842 fraudatorina
792 2740 887 2820 Vill.
919 2740 1119 2818 abdomine
1144 2739 1266 2833 fusco,

208 2895 229 2945 e
243 2865 429 2944 divisione
442 2875 468 2944 2
480 2863 596 2966 hujus
612 2863 790 2941 sectionis
812 2865 868 2965 (n.
885 2866 947 2964 6),
975 2862 1021 2938 ab
1035 2861 1120 2938 aliis
1136 2860 1266 2940 forsan

207 3014 293 3062 cum
306 2987 491 3062 divisione
508 2995 526 3064 1
543 2985 780 3088 jungeretur,
809 2985 917 3060 color
935 2982 1062 3060 fuscus
1082 2982 1187 3058 enim
1206 2983 1265 3060 in·

206 3109 411 3186 termedius
425 3121 483 3182 est
493 3091 593 3182 inter
608 3106 757 3208 nigrum
772 3120 812 3182 et
823 3103 1090 3204 ferrugineum.

448 3407 478 3467 1.
522 3395 548 3464 1.
570 3393 891 3460 INGRATORIUS.
934 3391 1034 3457 Pana.
1093 3408 1097 3418 ’
1133 3413 1137 3420 ·

404 3562 557 3629 Thorace
572 3561 753 3645 maculat03
775 3562 913 3651 pedibus
926 3559 1042 3626 anticis
1056 3556 1157 3626 fuscis
1172 3558 1263 3648 (cum

403 3663 488 3734 ssavo
510 3667 646 3750 mixtis).
690 3665 714 3731 f.

278 3837 498 3940 Descriptio
511 3864 558 3913 ex
568 3838 680 3914 icone
694 3836 919 3912 Panzeriana
938 3835 1031 3912 haec
1045 3847 1122 3911 est:
1159 3831 1266 3910 Lon·
1374 3897 1375 3942 3

199 3955 339 4058 gitudo
371 3957 435 4062 472
474 3959 669 4038 linearum.
733 3961 863 4060 Caput
893 3955 1028 4036 orbitis
1060 3953 1264 4032 oculorum
