2736 4630
294 898 424 1003 Caput
449 913 721 1003 transversum,
758 893 934 1002 plurimis
964 894 1094 986 breve,
1127 895 1277 977 collum

214 1043 344 1095 versus
370 1017 694 1121 subaugustntum,
710 1048 718 1060 ·
734 1015 928 1094 nonnullis
946 1015 1162 1107 ¹subbrere,
1200 1043 1277 1092 nec

215 1138 360 1215 collum
381 1163 510 1216 versus
526 1153 780 1241 anguscscum,
807 1163 840 1216 e.
862 1163 898 1241 g.
913 1139 956 1215 G.
981 1134 1201 1215 terebrante
1221 1175 1278 1196 -·-

217 1258 333 1334 Oculi
348 1259 494 1350 orales,
522 1257 712 1356 interdum
733 1255 1040 1352 subreniiormes,
1075 1253 1277 1358 speciebus

214 1375 389 1481 plurimis
411 1376 535 1481 parvis
560 1377 676 1480 nigris
703 1374 967 1454 uiridi-aenei.
993 1417 1047 1436 -··
1070 1379 1280 1455 Antemnae

214 1495 445 1589 mediocres,
470 1497 578 1601 apice
596 1512 782 1602 curvatae.
809 1537 863 1556 -·-
886 1499 949 1574 De
974 1495 1034 1572 his
1055 1509 1096 1572 et
1115 1497 1164 1572 de
1181 1522 1280 1599 pnr-

215 1615 318 1695 tr'bus
343 1625 424 1695 oris
440 1616 612 1692 conferes
632 1643 730 1722 quae
749 1617 856 1692 Nees'
871 1617 917 1692 ab
937 1615 1133 1694 Eseubeclr
1158 1615 1208 1690 ud
1225 1616 1275 1692 C.

215 1737 484 1840 pugillatorem
502 1721 657 1812 mecum
685 1735 989 1814 communicavit.
1021 1779 1076 1798 ..-
1106 1735 1279 1814 Thorax

216 1857 351 1959 gibbus
369 1869 436 1934 ent
455 1857 646 1959 gibbulus.
673 1897 727 1914 -
750 1854 1185 1958 Scctcllumgibbulum,
1209 1855 1279 1932 vel

216 1975 557 2069 suburbiculatum,
584 1976 646 2054 vel
665 1974 894 2078 triangulare
919 1974 1027 2077 apice
1047 1975 1196 2050 obtuso.
1222 2013 1279 2034 -·

215 2097 320 2174 Alce
344 2097 570 2188 mediocres;
595 2097 721 2174 areola
740 2093 861 2172 rarius
888 2094 1010 2185 nulla,
1049 2095 1278 2199 plerumque
1364 2195 1365 2206 ἵ

215 2213 455 2317 triangulari,
490 2217 552 2295 vel
580 2216 720 2308 sessili,
753 2215 943 2292 interdum
969 2213 1279 2318 subquiuqueau-

215 2334 355 2436 galeri,
388 2351 422 2412 e:
448 2361 483 2440 g.
511 2339 556 2416 0.
577 2355 729 2427 munero,
764 2337 829 2414 vel
852 2335 1054 2440 petiolata,
1085 2334 1279 2412 interdum

213 2453 468 2534 minutissima
480 2471 546 2532 aut
557 2457 740 2547 obsoleta,
766 2481 802 2536 v.
819 2483 852 2532 c.
871 2458 914 2534 0.
927 2459 1185 2546 iurmclctcrr',
1210 2455 1279 2536 dc·

216 2577 421 2666 clinctorr',
445 2576 635 2681 olbipsdi,
663 2579 886 2681 psilopcarc.
910 2617 965 2637 ···-
988 2575 1112 2654 Pedes
1130 2577 1278 2654 medio·
1363 2647 1364 2652 r

216 2719 299 2772 cres
332 2709 399 2772 aut
435 2696 675 2801 subgracilcs.
708 2739 762 2758 -
796 2694 998 2775 Abdomeu
1038 2695 1276 2798 petiolatum,

218 2814 440 2908 nitidulum,
467 2814 591 2910 laeve,
617 2815 773 2894 thorace
791 2816 943 2920 lougius
962 2841 1029 2894 seu
1047 2815 1130 2918 ejus
1150 2816 1281 2920 longi·

214 2935 365 3028 tudine,
391 2935 547 3014 thorace
566 2936 780 3040 angustius,
811 2935 931 3013 rarius
952 2935 1034 3038 ejus
1054 2936 1277 3030 latitudine3

214 3056 327 3131 dorso
340 3055 565 3159 plerumque
577 3083 799 3147 convexum,
820 3055 941 3132 rarius
955 3055 1172 3147 carinatum,
1186 3083 1220 3134 e.
1236 3081 1274 3160 g.

214 3177 259 3251 Ο.
280 3177 507 3266 cultrctcrr’,
537 3179 786 3279 pugillatori,
817 3184 966 3268 mixto,
997 3175 1056 3252 bis
1076 3176 1275 3280 speciebus

81 3319 85 3330 ’
214 3319 284 3398 per
312 3309 431 3371 totam
456 3295 734 3398 longitudinem
759 3321 1032 3400 compressum,
1078 3297 1156 3374 illis
1188 3296 1277 3400 ple·

213 3439 374 3518 rumque
398 3415 580 3492 lateribus
604 3431 671 3492 aut
698 3431 846 3507 ventre,
887 3415 1109 3520 praesertim
1143 3443 1273 3494 versus

213 3533 376 3639 apicem,
411 3560 670 3638 compressum
684 3551 754 3612 sut
774 3536 1118 3640 subcompressum,
1151 3537 1273 3614 rarius

211 3667 335 3730 totum
355 3655 643 3733 teretiusculum
664 3655 1059 3757 elongato-clavatum
1081 3672 1146 3732 aut
1166 3658 1274 3734 elon-

211 3773 531 3876 gato-luciforme,
558 3777 779 3876 praesertim
795 3775 835 3852 in
853 3777 1018 3854 maribus
1036 3775 1270 3878 quibusdam,
1361 3845 1362 3852 ,

210 3919 246 3970 v.
269 3919 302 3970 c.
326 3897 368 3970 0.
390 3891 626 3993 rufivectris,
652 3899 824 4000 maiolis,
849 3895 987 3987 albidi,
1014 3903 1272 3989 tenuioeutrr’s,

208 4013 499 4105 xcctbcstomr',
523 4012 643 4092 rarius
657 4041 810 4122 quoque
823 4015 992 4105 leminis3
1018 4042 1054 4094 v.
1078 4041 1110 4092 c.
1140 4019 1182 4096 G.
1203 4043 1270 4096 or·
