2652 4628
193 259 244 333 24
641 223 806 322 riniani

195 439 359 518 feminae
371 435 498 540 eapite
510 433 740 540 thoraoeque
755 435 870 538 paulo
885 430 1049 535 longius.
1086 433 1280 512 Aculeus·

195 559 433 663 longitudine
446 555 633 656 corporis,
660 555 808 631 terebra
828 553 922 630 rufa.

170 669 176 675 ⁵
272 681 417 755 Marem
431 691 470 753 et
490 677 669 752 feminam
684 672 971 776 Mangeroepit
985 673 1085 750 cirea
1101 673 1277 784 Warrn-
1319 703 1320 748 ι

197 800 319 878 bruun
328 830 342 886 ;
365 800 445 900 ipse
460 823 599 872 marem
611 795 695 898 cepi
709 794 809 870 circa
826 796 867 874 V
865 798 1107 874 ratislaoiam
1115 823 1128 880 ,·
1149 793 1276 870 femi-

197 948 282 996 nam
296 921 429 998 Besser
450 943 601 1020 qnoque
620 943 653 992 e.
666 917 707 995 V
705 916 867 1020 oldyniu
886 914 933 989 ad
953 941 1014 992 me
1035 914 1267 1014 transmisit.

500 1371 553 1435 11·
594 1359 637 1430 G.
660 1355 878 1428 SCALARIS.
923 1379 960 1427 n·
1060 1399 1061 1404 κ

398 1559 540 1628 Pedibus
563 1557 677 1644 fulvia,
705 1559 1028 1651 porticorum‘tarsia
1050 1571 1084 1627 et
1104 1559 1266 1628 tibiarum

399 1663 491 1752 apice
511 1663 761 1754 nigricantibus.
782 1661 806 1730 f.
850 1660 983 1748 (aculeo
1000 1663 1055 1732 rix
1071 1661 1265 1730 abdominis

397 1761 638 1876 longitudine).

273 2007 444 2085 Statura
462 2023 502 2084 et
519 2008 718 2113 proportio
738 2007 905 2113 partium
926 2003 1082 2083 omnino
1095 2001 1263 2082 laminae

197 2135 498 2220 mensuratum,
523 2157 559 2208 n.
574 2140 619 2220 93
646 2133 780 2207 aculeo
794 2145 922 2206 autem
940 2125 1128 2202 breviore.

274 2247 497 2349 longitudo
517 2259 542 2328 3
560 2251 757 2328 linearum.
812 2252 915 2328 Alae
939 2244 1148 2323 mediocres
1170 2241 1261 2320 sub-

198 2364 391 2468 hyalinae,
418 2359 592 2469 stigmate
603 2371 970 2472 pineo-stramineo‚
995 2365 1102 2442 radio
1116 2364 1262 2441 fuseeaa

196 2503 326 2578 rente,
352 2488 479 2566 radice
507 2491 870 2593 pallideatrarninea,
897 2487 1094 2593 aquamola
1114 2486 1228 2562 fulva.

255 2609 469 2694 Feminam
490 2611 853 2714 uatumttoontgen
865 2609 974 2688 niuea
981 2609 1129 2713 Niealy
1141 2605 1258 2709 cepit.

613 2833 849 2910 Varietas:

197 3029 207 3044 ι
278 2977 312 3049 1.
352 2973 478 3048 coaets
492 2974 749 3074 fusconigris.
775 2969 803 3047 f.
829 3011 883 3028 -
907 2969 1078 3046 Statura
1103 2979 1144 3044 et
1168 2989 1257 3068 pro-

196 3089 377 3192 portione
403 3093 569 3195 partium
601 3092 695 3170 haee
719 3089 881 3168 varietas
908 3089 1065 3166 omnino
1092 3087 1255 3166 medium

199 3217 306 3288 tenet
331 3210 432 3289 inter
458 3217 650 3292 scolarem
669 3211 870 3316 genuinam
891 3224 931 3286 et
953 3224 1128 3298 teretem,
1154 3235 1187 3282 n.
1209 3216 1253 3295 ἐς

197 3353 360 3433 corpore
379 3348 506 3410 autern
527 3332 671 3435 majore
689 3347 729 3411 et
746 3332 931 3410 crassiore
952 3329 1000 3405 ab
1013 3343 1171 3431 utraque
1183 3327 1254 3401 dil-

195 3446 282 3526 lert.
308 3491 361 3508 -
385 3450 609 3554 longitudo
628 3446 691 3561 574
711 3454 909 3530 linearum.
964 3454 1095 3552 Caput
1113 3447 1253 3522 mandi-

198 3568 301 3646 bulis
319 3571 445 3647 medio
473 3573 591 3650 flavis.
644 3575 849 3653 Antennue
865 3571 1119 3672 ferruginem,
1147 3593 1253 3670 supra

198 3689 468 3781 lmeescentea,
497 3692 660 3769 articulo
674 3694 799 3798 primo
811 3707 895 3767 toto
914 3695 1035 3793 nigro.
1091 3687 1253 3766 Thorax
1319 3701 1320 3706 ‘

198 3825 341 3911 puncto
368 3811 466 3889 flavo
493 3829 582 3890 ante
603 3813 693 3891 elas.
747 3814 850 3890 Alae
876 3811 1140 3913 aubhyalinae,
1166 3808 1251 3910 stig·

198 3943 298 4006 mate
318 3943 358 4006 et
379 3931 484 4006 radio
504 3933 732 4022 stramineis‚
762 3931 886 4009 radice
900 3931 1120 4035 pallidiore,
1149 3957 1249 4034 squa-

197 4051 299 4128 mula
321 4051 436 4129 lulra.
493 4053 613 4133 Pedes
631 4054 725 4144 rufi;
752 4053 856 4129 coxis
884 4051 1127 4155 formignie,
1154 4049 1248 4125 rulo·
