2652 4628
210 259 260 342 23
656 269 820 322 rimans
908 255 914 262 '

210 455 276 521 aut
300 427 416 517 luscis
445 425 649 515 introrsum
674 424 867 528 testaceis„
887 433 1091 536 „rarissime
1122 435 1310 513 sordide

103 573 108 580 '
209 563 333 654 flavis,
361 558 469 664 apice
491 575 531 636 at
550 559 691 636 annulo
717 559 893 636 obsoleto
913 571 1000 634 ante
1018 555 1126 634 basin
1143 557 1306 645 fuseiS,

212 709 360 787 semper
391 695 517 756 autem
543 679 622 754 basi
650 706 793 756 summa
826 679 970 767 albida,
1004 679 1114 755 tarsis
1142 677 1299 753 luscis.

210 803 412 882 Abdomen
440 799 603 876 feminae
630 799 786 876 thorace
812 799 891 876 lere
913 799 1031 902 duplo
1057 795 1214 899 longius
1247 813 1323 870 et¹

211 923 327 1026 paulo
340 919 551 1023 angustius,
580 921 691 998 maris
706 917 822 1024 paulo
837 921 986 1021 longius
1002 917 1197 1022 pauloque
1216 943 1302 990 an-

211 1041 357 1145 gustius
392 1065 504 1143 quam
544 1041 724 1132 feminae,
764 1041 1035 1145 cylindricun13
1073 1035 1297 1140 segmentis

215 1172 326 1242 1-3
340 1159 528 1238 interdum
543 1163 710 1264 margine
722 1185 867 1238 summo
883 1161 1141 1237 subcastaneo.
1170 1161 1295 1236 Aeu-

211 1285 293 1359 leus
305 1281 544 1383 longitudine
558 1279 780 1372 abdominis,
796 1279 911 1383 niger,
925 1281 1074 1357 terebra
1088 1293 1288 1354 castanea.

288 1401 433 1476 Murem
461 1417 501 1480 et
532 1401 712 1479 feminam
744 1403 844 1480 Nees
870 1400 928 1498 ol>¹
948 1399 1140 1480 Esenbecls
1157 1399 1292 1500 ¹cepit

212 1521 313 1598 circa
346 1521 668 1608 Siclserslruusen3
707 1536 901 1625 praeterea
935 1547 1055 1597 mares
1094 1519 1286 1622 quosdam

212 1641 355 1743 accepi,
383 1641 483 1716 circa
501 1641 763 1720 Wurmbrunn
776 1657 817 1718 et
830 1645 1059 1730 Taurinum,
1078 1640 1286 1718 laminam-

213 1789 287 1865 que
301 1761 400 1837 circa
422 1761 616 1852 Genuam,
642 1764 775 1839 lectos.
836 1763 924 1864 Ipse
944 1761 1145 1837 nonnullas
1167 1759 1285 1837 lemi-

213 1909 277 1958 nas
297 1881 397 1985 cepi,
425 1882 616 1958 mensibus
643 1881 739 1984 Maji
756 1896 795 1958 et
814 1879 991 1984 Augusti,
1020 1882 1060 1957 in
1087 1880 1281 1958 fruticetis

211 2003 310 2084 eirca
336 2005 378 2082 V
376 2005 618 2084 ratistaviam
636 2019 675 2080 et
696 2003 938 2105 Gottingam.‘
998 1999 1000 2004 ’

415 2226 554 2303 Nota:

288 2368 477 2440 Antennas
490 2379 531 2440 et
542 2365 618 2440 oris
639 2377 765 2467 partes
778 2363 880 2443 Nees
891 2363 941 2441 ob
958 2361 1150 2442 Esenbecls
1164 2388 1278 2440 accu-

211 2484 329 2562 ratius
344 2483 572 2562 examinavit
586 2501 626 2561 et
639 2484 698 2561 his
713 2485 838 2563 verbis
853 2485 1072 2587 descripsit:

289 2608 492 2685 Antennae
506 2605 704 2683 fililormes
719 2621 863 2692 reatae,
891 2606 1038 2708 apicem
1058 2629 1186 2681 versus
1206 2631 1274 2710 pa·

181 2783 183 2786 -
211 2753 296 2802 rum
317 2749 513 2817 recurvae,
542 2725 713 2801 articulis
734 2733 801 2806 48:
828 2726 1009 2802 Radicula
1031 2743 1186 2828 angusta
1206 2751 1273 2828 pa·

212 2846 448 2936 teraelormi;
488 2869 603 2950 scapo
634 2847 918 2949 subeyliudrico
950 2862 1056 2922 recto
1087 2845 1270 2936 crassiori,

211 2969 319 3072 apice
340 2966 403 3044 vix
422 2965 600 3069 obliquo,
626 2949 813 3056 concavo,
839 2967 1030 3070 pedicello
1052 2982 1092 3042 et
1112 2967 1270 3042 articulo

211 3086 423 3164 accessorio
444 3104 608 3192 utroque
626 3087 835 3164 disciformi
857 3087 1106 3178 brevissimis,
1133 3088 1271 3166 vixer-

212 3207 340 3297 sertis3
380 3207 540 3313 reliquis
573 3206 745 3286 articulis
776 3207 1100 3300 decrescentibus,
1140 3209 1270 3312 quinto

212 3341 394 3428 sequente
427 3329 528 3406 hand
561 3330 763 3407 admodum
800 3329 983 3432 longiori,
1024 3326 1267 3404 anterioribus

212 3445 450 3548 cylindriois,
487 3450 664 3527 extremis
699 3449 875 3555 plurimis
910 3447 1199 3526 subtransrersis
1230 3465 1268 3524 et

212 3565 292 3642 lere
325 3569 681 3670 pateraelormibus,
715 3569 921 3673 contiguis,
956 3568 1093 3646 ultimo
1125 3567 1266 3644 minuto

212 3683 347 3762 couieo
373 3684 523 3768 obtuso.

302 3809 472 3912 clypeus
519 3811 720 3888 distinctus
765 3835 973 3900 convexus,
1027 3809 1263 3886 subtilissime

213 3929 475 4028 punctulatus,
502 3933 671 4033 margine
692 3956 830 4035 supero
851 3948 890 4010 et
911 3933 1032 4008 insero
1048 3931 1259 4020 rotundatis,

211 4046 394 4126 lateribus
417 4050 457 4127 in
482 4052 676 4157 cuspidem
703 4053 910 4158 productis.
940 4095 991 4114 -
1017 4051 1184 4131 labrum
1203 4078 1260 4129 er-
