2744 4628
298 239 398 290 rau.
427 223 490 303 IX,
518 235 633 290 sacr.
662 239 700 288 rr.
729 235 941 289 ronraon.
1069 211 1148 293 777

166 401 388 504 longitudo
399 399 480 480 fere
495 402 558 499 17,
577 399 773 480 linearum.
800 397 932 507 Caput
942 401 1010 480 ore
1022 401 1148 493 iusco;

88 523 216 602 oculis
240 521 450 598 minoribus
476 517 587 625 qnam
610 521 650 597 in
673 545 788 600 mare.
841 524 1044 602 Antronas
1061 547 1149 626 per·

88 669 225 749 parum
246 642 437 746 longiores
458 665 570 744 quam
590 641 631 718 iu
648 667 761 719 mare.
815 643 983 722 Thorax
999 641 1147 746 gibbus.

86 762 384 865 Aloebyalinae
398 761 548 852 irideae,
576 761 748 864 stigmate
769 760 1017 866 piceo-fusco,
1042 763 1150 839 radio

87 899 132 959 et
144 883 271 960 radice
281 882 467 972 testaceis,
489 884 685 984 squamula
696 883 1001 989 piceo-testacea.
1028 881 1151 961 Pedes

87 1003 267 1093 testacei,
301 1000 405 1076 coxis
432 1013 472 1076 et
496 1002 800 1080 trocbanteribus
820 1001 949 1080 fuscis.
1001 1000 1149 1082 ¹Abdo-

89 1151 178 1200 men
197 1122 333 1225 capitis
354 1119 595 1223 thoracisque
614 1123 852 1226 longitudine
877 1137 917 1200 et
934 1121 1149 1212 latitudine,

89 1258 263 1334 ovatum,
301 1253 419 1331 teres,
457 1241 643 1330 lucidum3
682 1259 875 1346 segmento
907 1250 1058 1345 1parte
1084 1267 1150 1318 en·

88 1365 169 1439 tica
190 1361 364 1440 breviore
379 1377 418 1438 et
436 1357 554 1466 duplo
568 1361 704 1438 latiore
726 1389 838 1467 quarn
857 1361 1041 1466 petiolas,
1068 1359 1151 1465 api-

89 1509 176 1559 cem
192 1507 321 1558 versus
336 1481 473 1559 sensim
487 1481 654 1573 dilatata,
672 1483 875 1561 latitudine
888 1481 1148 1585 longitudinis.

90 1605 266 1683 Aculeus
289 1600 432 1704 vaginis
460 1597 677 1678 subsursum
704 1603 886 1695 curvatis,
913 1601 1152 1705 longitudine

89 1723 232 1800 tertiae
254 1719 370 1826 partis
397 1721 620 1800 abdominis.
963 1812 969 1824 ι

169 1843 294 1919 Unum
315 1866 455 1918 marem
475 1843 579 1945 cepi,
606 1841 669 1919 die
688 1847 740 1924 26
752 1841 864 1944 Maji,
891 1841 933 1919 in
951 1839 1064 1919 horto
1081 1839 1152 1917 bo·

89 1962 220 2040 tanico
239 1963 470 2062 Gottiagoe3
495 1965 607 2056 alter,
634 1963 907 2065 isquetnojor,
933 1987 1000 2040 ore
1021 1975 1153 2038 anten-

92 2109 224 2160 narum
249 2082 330 2158 basi
354 2081 590 2188 pedibusque
619 2081 900 2187 pallidioribus,
932 2083 1077 2160 Nesseo
1101 2079 1153 2160 ab

92 2200 287 2284 Esenhech
306 2202 478 2306 prorepit
504 2199 647 2279 elarva
675 2203 898 2282 Hellomani
921 2200 1080 2302 affinis,
1110 2201 1151 2278 in

91 2323 228 2402 boleto
240 2321 466 2399 fomentatio
480 2322 690 2410 habitante,
718 2321 971 2396 menselunii.
1025 2321 1152 2396 Femi-

93 2439 181 2522 nam'
207 2443 292 2547 cepi
323 2445 366 2523 V
363 2445 602 2530 rotislovine,
636 2438 738 2516 domi
765 2453 852 2514 ante
872 2436 1072 2530 fenestras,
1110 2438 1151 2517 in

92 2564 257 2668 Digitali
278 2562 411 2655 dubia,
437 2561 540 2640 inter
557 2557 731 2670 aphidas,
758 2566 887 2639 mense
911 2557 1021 2664 maji.

407 3041 492 3111 173»
523 3037 561 3105 P.
583 3033 831 3106 snLTsToa.

295 3223 437 3292 Pedibus
450 3221 611 3302 testaceis,
625 3220 715 3286 coxis
727 3220 841 3309 nigris,
853 3217 1032 3286 semoribus
1043 3220 1154 3308 posti-

295 3328 343 3392 cis
355 3325 547 3415 plerumque
564 3321 678 3389 suecis.
720 3343 765 3389 m.
786 3321 810 3389 f.
855 3325 957 3410 (fem.
970 3343 1026 3386 ore
1045 3332 1154 3386 etan-

294 3437 468 3495 tcnnarurn
489 3411 559 3494 basi
578 3425 780 3507 stramineis3
810 3421 928 3490 aculeo
944 3419 1154 3512 longitudine

294 3529 425 3597 armins
447 3527 661 3612 adonius).

172 3754 244 3831 Hic
258 3753 414 3858 Ophion
427 3753 557 3833 differt
571 3754 618 3832 ab
632 3751 878 3830 antecedente
891 3750 1013 3828 oculis
1028 3753 1154 3854 parvis

94 3889 137 3954 et
163 3876 335 3954 antennis
371 3875 621 3978 longioribus,
653 3901 674 3951 a
702 3873 966 3964 moderatore,
999 3901 1035 3952 n.
1069 3879 1153 3962 177,

95 3995 269 4074 antennis
288 3995 537 4076 brevioribus.
