2764 4628
503 190 832 262 surn'teunusn.

211 811 281 920 Ut
297 841 611 948 Monographiam
629 841 927 922 Ichneumonum
947 846 1195 948 genuinorum

137 967 314 1070 Europae
327 965 534 1070 perfectam
548 965 717 1058 ederem,
743 991 992 1058 necesseesse
1006 966 1193 1060 existimo,

136 1087 225 1161 illas
240 1111 393 1189 quoque
412 1086 558 1189 species
576 1083 766 1188 recipere,
794 1111 911 1190 quae,
929 1084 1024 1161 licet
1035 1085 1118 1189 ipse
1131 1114 1194 1164 eas

137 1232 210 1283 nec
233 1203 394 1282 viderim
415 1232 485 1282 nec
503 1205 552 1283 ad
571 1204 717 1308 species
735 1233 757 1280 a
776 1233 837 1282 me
859 1205 944 1309 ipso
967 1206 1194 1284 examinatas

136 1325 318 1403 adhibere
327 1325 535 1429 potuerim,
556 1325 603 1400 ab
616 1324 833 1402 auctoribus
854 1339 981 1402 tamen
994 1352 1069 1428 qua
1083 1352 1194 1402 euro-

136 1472 254 1550 paeae
287 1447 500 1548 descriptae
524 1459 647 1530 sunt,
678 1447 775 1520 Cum
801 1472 892 1524 vero
917 1446 1193 1550 descriptiones

135 1565 323 1670 plurimae
343 1565 457 1642 nimis
472 1565 623 1658 breves,
648 1566 765 1642 immo
782 1566 916 1642 'icones
935 1566 1080 1642 multae
1098 1567 1194 1645 adeo

135 1691 275 1788 pravae
294 1687 388 1778 sint,
415 1701 458 1762 ut
473 1685 562 1762 inde
581 1711 698 1788 genus
719 1683 821 1764 haud
839 1686 921 1762 erui
940 1689 1078 1790 possit,
1105 1687 1195 1762 istas

137 1804 282 1907 species
297 1803 399 1882 baud
413 1804 611 1909 speciebus
625 1833 646 1879 a
660 1831 721 1884 me
740 1807 959 1882 examinatis
975 1823 1014 1884 et
1026 1807 1194 1907 descrip-

134 1927 186 1999 tis
206 1925 417 2017 intermisi,
445 1926 511 2001 sed
542 1915 716 2018 seorsim,
743 1929 950 2003 secundnm
968 1923 1194 2028 descriptio-

134 2071 201 2122 nes
228 2059 293 2120 aut
309 2044 437 2122 icones
457 2043 642 2122 exhibitas
661 2061 875 2137 auctorum,
894 2048 943 2122 'in
963 2046 1195 2149 peculiarem
1277 2051 1279 2056 '

134 2165 382 2269 appendicem
403 2164 595 2242 collocare
614 2165 746 2243 malui.
800 2167 858 2244 Ex
888 2167 1018 2242 eadem
1045 2166 1193 2242 ratione

135 2312 288 2390 quoque
309 2285 376 2362 has
399 2284 544 2388 species
562 2285 664 2363 hand
680 2286 721 2361 in
741 2311 877 2386 genera
891 2283 1098 2388 dispescui,
1127 2289 1194 2362 sed

134 2432 282 2496 omnes,
309 2405 378 2480 sub
398 2404 552 2481 nomine
571 2405 761 2480 communi
778 2404 1076 2496 Ichneumonum
1089 2433 1194 2480 com-

123 2527 324 2630 ·piectens,
352 2552 374 2602 e
392 2524 521 2602 colore
534 2543 780 2605 antennarum
799 2526 952 2601 scutelli
972 2542 1011 2604 et
1025 2525 1193 2602 abdomi-

135 2647 211 2738 nis,
239 2646 445 2722 secundum
460 2664 705 2750 conspectum
720 2651 922 2738 adnexum,
950 2646 990 2720 in
1006 2646 1192 2722 sectiones

135 2766 345 2868 segregavi3
371 2765 472 2841 haud
490 2782 619 2845 tamen
637 2769 805 2872 neglexi,
832 2767 898 2843 ubi
920 2765 1005 2843 fieri
1028 2781 1190 2868 poterat,

134 2888 183 2963 de
198 2914 334 2989 genere
351 2914 480 2964 earum
500 2914 592 2965 vero
610 2903 676 2963 aut
693 2879 948 2991 praesumtiuo
967 2885 1193 2966 sententiam

135 3034 257 3085 meam
276 3005 516 3109 subjungere.
572 3009 774 3084 Caeterum
798 3021 924 3084 autem
952 3031 1083 3083 omnes
1106 3007 1195 3082 Ich·

135 3151 341 3202 neumones
373 3143 587 3216 auctorum,
627 3128 676 3203 de
709 3127 846 3228 quibus
878 3153 1100 3228 persuasum
1131 3151 1193 3201 me

133 3244 328 3336 habebam,
357 3273 421 3323 eos
439 3247 539 3323 haud
554 3249 601 3327 ad
614 3246 889 3324 Ichneumones
902 3246 1086 3352 genuinos
1103 3273 1192 3322 cen-

134 3365 270 3444 sendos
292 3392 392 3459 esse,
417 3365 540 3446 omisi.
