2668 4626
349 283 451 334 ran.
482 267 545 346 VI,
574 281 687 332 sacr.
717 283 770 333 ur.
1025 263 1097 340 toa

309 687 365 752 78·
409 675 446 742 P.
475 673 744 744 RUFICOLLIS.
788 699 823 740 n.

228 845 437 912 Prothoraoe
476 843 616 914 rantello
661 845 802 935 pedibus
848 843 1098 933 abdominisque

230 946 382 1036 cingulis
395 945 492 1031 rufis,
513 945 627 1015 aculeo
645 947 856 1038 longitudino
870 949 1031 1037 corporis.
1074 949 1098 1018 l'.

91 1113 280 1200 Statura
302 1109 344 1196 et
369 1123 568 1226 proportio
595 1121 760 1225 partium
780 1119 823 1200 P.
844 1119 1101 1212 roboratoris,

40 1267 61 1310 t
85 1251 158 1333 84,
196 1241 386 1330 feminae,
425 1241 489 1316 sed
523 1267 682 1345 corpore
710 1241 927 1344 graciliore,
966 1241 1100 1318 aculeo

39 1359 215 1463 longiore.
348 1426 353 1443 .
394 1421 398 1439 .
478 1426 484 1449 ,
554 1423 559 1441 .
759 1414 766 1460 1
821 1426 825 1435 .

94 1483 336 1584 Longitudo
361 1483 428 1580 52
455 1484 652 1562 linearum.
707 1485 838 1585 Caput
864 1483 988 1586 pulpis
1020 1507 1100 1560 εον,

38 1600 352 1680 otestramineis.
419 1603 588 1682 Thorax
627 1602 824 1706 gibbnlns;
863 1602 1100 1704 prothoracis

39 1721 138 1800 dorso
167 1740 212 1802 et
239 1721 445 1813 lateribus,
477 1723 577 1800 linea
602 1723 672 1800 sub
697 1723 877 1812 scutello,
910 1721 1101 1798 interdum

38 1844 138 1920 etiarn
151 1844 311 1919 macula
329 1841 477 1920 laterali
492 1841 774 1934 metathoracis,
800 1844 891 1946 rufis
905 1857 970 1918 aut
982 1857 1102 1920 casta·

41 1965 118 2040 reis.
160 1963 525 2043 Scutellumrulum
541 1977 848 2040 autcaataneurn.
892 1961 1101 2065 Aluehys-

41 2082 147 2176 luae,
173 2084 357 2186 stigmate
383 2081 604 2173 stramiaco,
631 2083 737 2160 radio
761 2083 886 2174 fusco,
914 2083 1040 2160 radica
1061 2098 1101 2162 et

43 2205 233 2306 squamata
251 2205 360 2296 albis,
373 2205 499 2284 areola
519 2204 716 2306 irregulari
733 2203 939 2298 subsessili.
979 2204 1102 2286 Pedes

43 2327 117 2416 nfi;
170 2323 484 2402 trochanteribua
529 2323 782 2402 anterioribus
820 2323 1101 2414 flavicantibua;

43 2447 139 2523 tarsis
173 2445 473 2548 posterioribus,
511 2445 701 2534 interdurn
731 2469 884 2547 quoque
923 2445 1102 2524 tibiarum

44 2567 268 2666 porticorum
282 2566 402 2644 latere
421 2581 592 2656 externa,
618 2563 747 2660 fuscis.
799 2563 1002 2660 Abdomeu
1015 2563 1103 2644 tto-

45 2689 128 2764 racis
149 2685 378 2778 latitudine,
404 2711 451 2766 eo
471 2701 594 2762 autern
608 2684 728 2788 duplo
745 2685 913 2788 longius,
939 2685 1049 2762 basin
1064 2699 1104 2762 et

46 2807 185 2909 apicem
201 2831 332 2890 versus
351 2805 487 2906 sensim
499 2805 615 2909 paulo
630 2821 879 2908 angustatum,
906 2821 1102 2910 punctum,

47 2941 320 3030 segmentorum
330 2927 559 3030 marginibus
573 2925 730 3004 elevatis
744 2923 1103 3027 lactibus3nigrnm3
1246 3015 1253 3029 ι

48 3047 241 3148 segmentis
260 3057 393 3128 2-7
412 3047 593 3130 lateribus
609 3061 649 3124 et
670 3039 786 3120 larcia
799 3060 885 3122 ante
898 3045 1104 3146 marginem

51 3163 275 3266 ponderufis
293 3181 360 3242 aut
376 3167 514 3260 brutis,
542 3165 690 3242 ultimis
710 3165 790 3242 lere
810 3165 902 3242 totis
924 3165 1015 3240 rufis
1037 3179 1104 3243 aut

53 3285 169 3364 badiis.
225 3289 399 3366 Aculeus
418 3286 637 3391 pilosellus;
664 3285 903 3388 longitudine
922 3287 1102 3390 corporis.

57 3432 109 3482 seu
139 3407 258 3514 paulo
284 3407 446 3509 longior.
540 3481 544 3492 ,
841 3405 844 3408 ’
1091 3482 1093 3492 .

117 3531 226 3604 Duae
246 3526 428 3620 senrinae,
460 3526 559 3604 circa
587 3525 629 3608 V
627 3525 858 3620 indoloriam
887 3543 927 3604 et
948 3528 1104 3628 Norim5
1198 3612 1204 3626 ,

59 3645 191 3752 largam
221 3665 375 3754 captae,
406 3649 452 3724 ad
474 3675 534 3726 rue
556 3647 796 3742 transmissae
825 3664 923 3726 sunt.
