2764 4628
239 183 315 256 890
726 179 756 248 1.
784 185 811 248 t.

237 361 460 468 pubescens,
473 357 702 437 mandibulis
716 357 851 452 luscis,
876 360 979 440 labio
994 363 1172 470 (clypeo)
1188 366 1300 460 flavo,

237 485 416 584 utrinque
447 495 591 585 puncto
621 505 738 584 parvo
770 483 898 585 nigro,
930 483 1066 562 orbitis
1097 486 1299 563 oculorum

235 604 411 705 facieque
424 601 540 692 liaris,
554 598 626 676 hac
638 601 781 679 lineola
792 602 916 680 media
929 601 1047 682 lusca.
1092 607 1300 686 Antennue

236 724 396 800 dimidio
409 745 568 825 corpore
584 723 700 823 paulo
712 723 923 826 longiores,
947 722 1067 802 fascia
1084 726 1210 804 media
1236 727 1299 828 (iu

235 846 349 922 icone
367 842 536 920 articulis
561 845 762 942 12-18)‚
796 845 1034 948 articuloquc
1054 847 1177 949 primo
1205 847 1298 922 aab·

233 981 313 1056 tus,
340 962 460 1044 flavis.
513 961 684 1040 Thorax
701 964 870 1069 margine
888 989 1027 1067 supero
1047 967 1159 1059 colli,
1192 967 1297 1044 linea

183 1151 188 1158 .
231 1101 319 1166 ante
340 1087 435 1174 alas,
461 1099 605 1187 puncto
625 1083 722 1162 infra
741 1086 838 1177 alas,
863 1084 1005 1162 lineola
1027 1086 1097 1162 sub
1117 1088 1295 1178 scutello,

230 1206 466 1308 maculisque
487 1203 630 1284 duabus
643 1203 926 1297 metatboracis,
952 1205 1079 1298 flavis3
1104 1206 1296 1284 metatho-

221 1315 317 1406 'rare
335 1323 614 1428 subbispinoso.
666 1327 882 1406 Scutellum
899 1326 1050 1405 flavum.
1103 1331 1209 1408 Alce
1226 1327 1295 1403 iri-

230 1453 342 1540 deae,
366 1443 809 1548 flavescenti-hyalinae,
835 1446 1151 1551 (stigmateradio
1165 1447 1293 1524 radice

230 1567 495 1675 etsquamula,
522 1566 563 1642 in
582 1566 711 1657 icone,
736 1565 890 1670 flavis);
916 1571 1043 1645 areola
1056 1567 1295 1673 quinquean-

229 1691 366 1798 gulari.
423 1685 547 1767 Pedes
564 1685 669 1775 flavi3
701 1683 909 1766 femoribus
933 1688 1188 1766 anterioribus
1206 1686 1291 1764 basi

227 1813 364 1914 nigris,
390 1806 549 1912 posticia
563 1805 689 1883 medio
702 1806 818 1885 fascia
831 1807 954 1912 nigra,
982 1810 1050 1910 (in
1061 1809 1173 1886 icone
1192 1835 1290 1912 quo-

226 1959 302 2038 que
325 1941 468 2008 summa
488 1925 588 2002 basia
607 1924 788 2002 tibiarum
807 1924 914 2032 nigra
933 1930 1024 2030 est).
1083 1927 1288 2011 Attamen

225 2054 576 2154 oblongo-ovatum
595 2048 840 2151 petiolatum,
879 2046 1045 2127 thoracis
1071 2049 1287 2144 latitudine,
1359 2045 1360 2048 ‘

225 2199 273 2251 eo
289 2186 416 2247 autem
428 2165 509 2244 fere
521 2164 642 2270 duplo
656 2167 819 2272 longius,
837 2167 1020 2270 glabrum,
1045 2195 1181 2276 parum
1194 2173 1288 2250 niti-

223 2293 333 2381 dum·,
366 2300 560 2392 segmento
582 2284 707 2390 primo
731 2290 883 2392 punctis
902 2289 1051 2369 duobus
1072 2291 1285 2395 apicalibus

222 2413 333 2492 valde
347 2409 552 2511 contiguis,
580 2405 746 2484 secundo
767 2422 807 2484 et
824 2411 940 2487 tertio
959 2411 1120 2489 maculis
1139 2411 1284 2490 duabus

222 2529 509 2636 (marginalibus
520 2527 853 2633 transversalibus)
868 2531 1148 2625 remotioribus,
1161 2532 1281 2612 flavis.

298 2645 468 2731 Habitat
495 2646 776 2751 Norimbergae.

218 2856 327 2938 chn.
347 2861 568 2936 natatorius
585 2853 697 2960 Paua.
718 2855 837 2932 Fauu.
866 2856 957 2936 fasc.
979 2866 1048 2949 80,
1074 2856 1151 2934 tab.
1174 2868 1213 2940 9.

417 3072 554 3149 Notat

291 3213 354 3287 De
372 3207 444 3286 hac
458 3208 587 3313 specie
605 3207 777 3285 conferas
791 3235 888 3314 quae
902 3211 971 3290 sub
985 3212 1093 3292 Ieln.
1115 3215 1282 3319 quadri·

215 3335 412 3413 maculato
426 3343 466 3408 et
478 3333 692 3422 natatorio,
717 3355 879 3408 necnon
893 3331 1281 3439 suhBoncltosulco·

215 3472 301 3534 tore
321 3477 464 3531 monui.

646 3692 848 3714 -ι-ιι-ᾱ
