2726 4634
343 188 441 240 rani.
478 176 522 241 11.
578 191 942 244 oarnocnrrnus.
1097 171 1170 248 359

188 831 342 930 Corpus
354 851 511 928 parvum
531 819 649 904 laeve.
704 832 832 934 Caput
853 828 1017 906 thoracis
1036 829 1168 904 latitu-

100 945 214 1037 dine,
246 963 516 1037 transversnm,
543 947 662 1023 rarius
683 948 898 1050 globosum,
933 947 1030 1024 lacie
1051 948 1168 1024 inter·

100 1067 198 1142 dum
217 1065 569 1170 subprotnberantc.
597 1111 650 1172 -‚
674 1071 790 1146 Oculi
808 1069 1063 1170 prominentes
1082 1067 1168 1144 sub-

101 1187 332 1288 globosi.—
353 1189 556 1264 Antennne
568 1187 765 1267 fililormes
778 1187 997 1279 mediocres,
1024 1187 1169 1265 Ortho-

100 1321 240 1382 centro
267 1313 400 1410 spurio
422 1321 594 1384 serratae.
622 1352 675 1364 —
707 1307 875 1384 Thorax
901 1307 1077 1410 gibbulus
1104 1323 1168 1381 aut

99 1425 543 1528 gibbulo-cylindricus.
558 1469 610 1485 -
629 1427 662 1503 S
663 1429 844 1508 cutellum
858 1427 1066 1530 gibbulum,
1081 1425 1169 1500 sub·

99 1544 361 1621 orhiculatum
387 1559 452 1621 aut
479 1546 788 1650 subtriangulare.
816 1590 869 1606 --
897 1549 1001 1628 Alae
1021 1547 1168 1648 amplae

100 1681 170 1740 ant
195 1666 423 1755 mediocres,
458 1664 636 1766 hyalinae
664 1665 824 1758 irideae3
857 1669 980 1746 areola
1001 1665 1169 1768 plerum-

101 1811 180 1888 que
210 1775 566 1888 quinqueangulari,
601 1787 720 1863 rarius
740 1785 961 1890 triangulari
989 1783 1167 1884 (orthae.

102 1903 244 2006 debili)
273 1921 338 1981 aut
357 1905 470 2010 plane
493 1909 598 1984 nulla
624 1907 803 2008 (Ortltoc.
832 1909 999 1988 merulae
1014 1920 1053 1980 et
1075 1903 1170 1982 ridi-

102 2025 279 2126 bundo),·
317 2025 482 2102 cellulae
516 2026 708 2104 interioris
745 2054 861 2105 nervo
896 2025 1076 2102 inferiore
1106 2051 1171 2098 cx-

102 2143 249 2221 teriore
263 2145 404 2223 leniter
416 2164 579 2224 arcuato.
595 2191 647 2204 -·-
672 2147 795 2225 Pedes
809 2145 1014 2222 anteriores
1027 2141 1171 2219 medio-

102 2291 206 2353 cres3
240 2265 379 2367 postici
398 2266 655 2358 validiusculi,
691 2265 794 2344 coris
817 2263 1168 2368 compressiusculis

100 2384 239 2473 ovatis,
253 2411 324 2487 pro
337 2387 585 2488 proportione
598 2383 832 2488 longioribus
847 2413 959 2488 quam
974 2385 1013 2459 in
1027 2381 1170 2460 familia

101 2505 244 2608 prima,
270 2503 476 2584 femoribus
503 2505 864 2609 compressiusculis.
891 2547 945 2564 -·
969 2503 1170 2584 Abdomen

106 2625 242 2701 sessile
266 2625 428 2716 lineare,
465 2653 531 2702 seu
560 2626 706 2730 apicem
733 2653 862 2704 versus
889 2623 1027 2701 sensim
1054 2623 1169 2726 paulo

102 2747 319 2836 dilatatum,
346 2743 497 2844 seminis
514 2747 620 2848 apice
634 2745 1026 2848 compressiusculum.
1082 2745 1170 2844 Seg-

102 2863 278 2941 inentnm
292 2865 457 2967 primum
472 2851 673 2942 latitudine
688 2867 849 2966 longius,
866 2864 1024 2966 reliquis
1038 2865 1172 2964 paulu·

102 2987 189 3059 lum
202 2982 406 3086 angustius,
416 2987 647 3087 aequilatum
663 3002 727 3062 aut
741 2985 819 3059 basi
835 2983 950 3086 paulo
966 2982 1170 3084 angustius.

104 3117 160 3162 ·'-
183 3107 354 3182 Aculeus
373 3105 437 3180 vix
464 3106 722 3196 subexsertus,
758 3119 917 3180 erectus.

186 3225 248 3298 Dc
274 3223 520 3300 affinitatibus
548 3242 587 3301 et
616 3225 864 3302 relationibus
898 3217 1172 3296 Orthocentro-

107 3369 194 3418 rum
212 3343 259 3416 ad
272 3345 512 3448 Tryphones‚
534 3345 734 3436 Erochos,
761 3342 1042 3450 Plryclodietos,
1064 3341 1172 3446 Plec-

109 3470 249 3553 tiseos,
274 3463 445 3570 Glyptos
463 3481 504 3542 et
522 3467 666 3543 Bassos
685 3491 796 3570 supra
817 3461 894 3567 jam
910 3479 1035 3541 actum
1062 3477 1128 3538 est.

495 3709 809 3728 -ι-ιι--ι-ι-
