2736 4630
218 165 296 242 512
664 179 831 238 cruror
948 219 950 227 .

295 345 517 450 longitudo
537 347 772 429 slinearum.
829 351 959 454 Caput
978 347 1133 430 thorace
1152 353 1279 445 latius,

216 471 341 575 pulpis
356 471 658 573 mandibulisque
678 469 830 562 albidis,
857 471 955 548 facie
975 475 1283 576 argenteo-seri·

217 617 296 668 cea.
349 594 552 670 Antennce
585 591 665 667 lere
697 591 938 692 longitudine
964 594 1152 694 corporis,
1187 595 1282 671 arti-

215 713 308 787 culo
331 719 350 790 1
373 712 503 786 subtus
526 711 711 787 exalbido.
767 713 936 788 Thorax
949 713 1281 818 cylindrico-gih·

216 833 341 909 bulua.
394 834 499 939 Aloe
515 830 763 932 subhyalinae
783 829 945 924 iridcae,
971 833 1145 936 stigmate
1166 835 1280 937 piceo

217 977 284 1031 seu
302 965 489 1039 testaceo,
517 950 622 1026 radio
642 949 768 1042 fusco,
795 951 923 1030 radice
942 968 983 1030 et
1003 954 1199 1057 squamula
1212 979 1282 1030 ex·

216 1073 373 1163 albidis,
401 1072 526 1149 areola
546 1069 814 1174 subirregulari
837 1073 1100 1178 subpetiolata.
1155 1071 1282 1150 Pedes

215 1193 423 1271 anteriores
444 1193 535 1284 ruli,
561 1191 864 1270 trochanteribus
886 1207 926 1269 et
946 1193 1050 1270 coxis
1076 1191 1182 1268 flavis
1210 1207 1279 1272 aut

213 1313 418 1403 exalbidis,
447 1313 551 1388 coxis
572 1311 705 1388 mediis
726 1313 807 1391 basi
822 1311 1049 1416 nigricante,
1075 1311 1186 1392 tibiis
1196 1339 1279 1390 mc·

215 1435 288 1512 diis
304 1433 412 1537 apice
425 1431 650 1534 ferrugineis
665 1448 730 1509 aut
743 1433 877 1521 luscis3
904 1434 1043 1536 postici
1058 1431 1280 1509 trochante-

214 1555 320 1632 rihus
348 1567 386 1629 et
412 1552 516 1628 coxis
544 1537 676 1654 nigris,
710 1553 788 1629 illis
816 1552 924 1656 apice
950 1553 1278 1646 exalbido·flaris,

212 1675 421 1754 semoribus
441 1671 549 1760 rufis,
576 1673 638 1750 vel
659 1673 834 1776 geniculo
856 1690 895 1750 et
914 1677 1061 1752 macula
1080 1672 1198 1750 barali
1215 1673 1280 1748 ni-

214 1797 306 1898 gris,
333 1794 394 1868 vel
416 1791 495 1868 basi
515 1807 596 1867 tota
611 1793 713 1895 nigra
727 1793 903 1897 geniculo
918 1793 1044 1888 lusco,
1070 1793 1175 1871 tibiis
1193 1817 1278 1870 sor·

214 1913 487 2002 dide-albidis,
516 1914 623 2016 apice
644 1930 683 1991 et
701 1929 787 1990 ante
808 1913 914 1990 basin
934 1913 1049 2016 nigris
1065 1929 1132 1990 aut
1144 1913 1274 2005 luscis,

208 2034 322 2112 tarsis
345 2033 620 2136 nigro-luscis,
648 2033 809 2108 articulo
833 2042 851 2112 1
872 2033 953 2110 basi
979 2031 1181 2138 pallidiore
1206 2049 1276 2110 aut

113 2137 115 2143 ⁸
212 2155 350 2230 albida.
402 2153 604 2234 Abdomeu
619 2154 754 2256 capitis
768 2152 1008 2256 thoracisque
1020 2152 1272 2254 longitudine,

209 2276 366 2352 thorace
388 2276 599 2376 angustius3
627 2289 819 2376 segmento
838 2284 858 2353 1
875 2291 981 2378 parte
1002 2274 1125 2349 antica
1140 2272 1275 2350 latitu-

209 2395 301 2472 dine
320 2396 511 2496 longiore,
540 2395 602 2478 viu
623 2395 742 2496 duplo
763 2395 899 2470 latiore
914 2408 954 2470 et
968 2395 1082 2496 paulo
1097 2393 1274 2472 breviore

211 2543 321 2618 quarn
335 2515 518 2619 petiolus3
544 2524 569 2604 2
586 2513 807 2615 cylindrico,
835 2515 1036 2592 latitudine
1050 2516 1170 2618 duplo
1183 2515 1274 2590 lon-

211 2637 334 2738 giore;
362 2635 606 2736 sequentibus
624 2661 785 2738 superne
799 2635 1009 2737 aequilatis,
1033 2635 1169 2710 sensim
1184 2634 1274 2710 bre-

208 2757 396 2844 vioribus;
423 2759 537 2834 4-7
554 2769 686 2832 ventre
706 2754 930 2860 compressis
950 2769 988 2832 et
1008 2755 1116 2831 valde
1135 2770 1274 2859 protu-

208 2875 437 2954 berantibus.

284 2997 410 3072 Unum
424 2991 522 3096 cepi,
548 2996 858 3098 menseAugusti,
886 2995 926 3071 in
941 2994 1139 3087 fruticetis,
1167 2995 1274 3074 circa

208 3117 428 3205 Gudooam,
454 3115 615 3190 alterum
627 3119 807 3221 Trojecti
820 3117 876 3198 od
891 3119 933 3198 V
930 3117 1085 3197 iodrum
1107 3116 1147 3192 in
1165 3117 1274 3194 flori·

207 3235 278 3314 hus
292 3249 379 3314 ante
390 3235 591 3312 fenestram
611 3235 759 3338 positis.
