2806 4632
189 239 239 310 40
293 316 299 329 ,
635 252 799 312 rrurta

193 417 440 523 ferruginosa.
495 417 664 499 Thanar
691 415 803 496 maris
836 431 981 522 puncto
1007 441 1126 523 porro
1152 419 1252 498 flavo

192 541 421 622 adradiccm
435 539 590 620 alarum.
610 573 612 578 ·
641 540 747 624 Arae
760 537 990 630 *mediocrem
1009 539 1254 642 iumatohya-

192 662 295 744 linae
334 677 399 740 aut
424 657 835 764 sntfumasahyaliaae,
867 658 1114 761 seignaces
1142 661 1253 738 radio

191 782 314 886 piceis
333 797 400 865 aut
415 781 652 882 nigroiuscis,
671 781 794 861 rarius
808 777 996 870 testaceis,
1010 781 1254 859 radicasti-a·

192 902 333 993 micea,
374 901 570 1005 squamula
602 901 715 980 maris
754 899 1070 1006 piceoatraminea
1099 916 1166 978 aut
1197 902 1255 976 al·

190 1023 298 1113 bida,
324 1021 487 1100 feminae
507 1023 603 1100 flava
624 1037 691 1101 aut
707 1021 833 1111 fusca3
859 1019 987 1098 areola
1007 1019 1253 1124 subregulum,

191 1141 377 1246 petiolata
396 1157 463 1222 aut
482 1140 747 1248 subpetiolatn
804 1139 933 1222 ‚Pedes
956 1139 1047 1233 rufi,
1082 1142 1255 1245 postico*

192 1290 277 1340 rum
294 1262 404 1342 tarsis
425 1279 466 1343 et
483 1261 593 1368 apice
610 1257 790 1340 tibiarum
811 1261 948 1364 nigris3
974 1267 1078 1339 mari
1096 1261 1200 1338 coxis
1215 1276 1257 1340 et

191 1382 494 1462 trocbautcribus
507 1383 758 1463 anterioribus
770 1383 834 1460 vel
846 1381 980 1459 subtus
998 1382 1118 1473 flavis,
1143 1405 1255 1486 supra

194 1504 311 1605 nigris
331 1520 398 1583 aut
415 1506 522 1595 rufis,
555 1503 677 1583 rarius
696 1503 778 1582 basi
798 1501 915 1603 nigris
940 1500 1125 1580 lateribus
1150 1504 1254 1596 rufis,

192 1623 255 1706 uel
287 1623 404 1726 nigris
436 1625 545 1727 apice
577 1649 756 1706 coxarum
798 1621 1007 1700 anticorum
1046 1620 1256 1715 flavicante,

193 1743 353 1846 posticis
373 1744 435 1820 val
456 1744 549 1822 totis
570 1743 705 1847 nigris,
731 1743 841 1848 apice
861 1740 1145 1824 trochanterum
1157 1743 1255 1833 ruso,

194 1863 257 1940 vel
283 1862 387 1938 coxis
409 1865 498 1940 rufis
522 1890 633 1967 supra
666 1863 802 1966 nigris,
833 1859 1137 1938 trochanteribus
1163 1863 1256 1940 totis

93 2073 95 2076 ¹
195 1983 303 2074 cufim
319 1985 497 2086 semiana
517 1985 621 2062 coxis
644 1997 684 2066 et
701 1982 1005 2060 trochanteribus
1024 1982 1162 2084 nigris,
1196 1981 1256 2058 his

196 2102 303 2207 apice
325 2103 421 2179 ruso.
473 2093 677 2182 Abdomen
690 2104 802 2181 maris
823 2103 1014 2180 interdum
1027 2102 1257 2204 marginibus

196 2239 475 2325 segmentorum
500 2225 728 2306 subclevatis
767 2223 1022 2302 nitidioribus.
1087 2223 1260 2303 Aculeus

194 2369 355 2448 corpore
374 2344 541 2447 longior,
573 2345 724 2422 terebra
741 2343 864 2420 badia.

272 2465 396 2542 Mares
418 2466 622 2548 nonnullos
642 2465 729 2569 cepi
742 2465 804 2561 die
823 2471 875 2552 26
894 2459 1125 2572 Septembris
1138 2487 1258 2567 prope

196 2587 423 2690 Trojectum
438 2585 493 2664 ud
510 2587 552 2666 V
550 2586 720 2677 iodrum,
745 2586 786 2660 in
800 2585 888 2660 loco
900 2584 1113 2688 graminoso
1128 2583 1259 2659 dume-

195 2719 281 2780 toso
320 2708 450 2807 aprico
492 2707 711 2796 volitantes3
763 2705 848 2795 alii,
888 2705 990 2781 circa
1028 2703 1259 2802 Gottingam

198 2823 462 2903 Wormbrunn
491 2827 636 2933 Netley
661 2840 702 2901 et
726 2825 767 2902 in
791 2828 942 2902 Tauria
968 2823 1077 2916 lecti,
1110 2850 1259 2902 mecum

195 2945 462 3030 communicati
478 2962 576 3026 sunt.
629 2945 1036 3028 Warmbrunncnsium
1057 2944 1150 3035 duo,
1177 2969 1260 3020 om*

196 3065 301 3142 niam
320 3066 485 3156 minimi,
514 3063 714 3144 abdomine
734 3065 858 3142 minus
878 3091 1056 3170 proceru,
1084 3065 1257 3140 antennis

194 3187 331 3272 subtus
349 3186 585 3290 ferrugineis,
609 3187 715 3264 coxis
731 3187 986 3266 anterioribus
1006 3186 1133 3287 nigris,
1162 3207 1259 3262 are-

197 3305 315 3408 liquis
334 3305 544 3384 discedunt.
598 3307 774 3422 lfcminas
795 3305 943 3408 accepi,
978 3304 1079 3382 circa
1105 3311 1260 3386 Warm-

197 3425 320 3506 bruun
345 3429 386 3506 V
385 3425 618 3508 indobononr
637 3443 678 3506 at
695 3429 840 3532 Nastey
860 3439 1003 3529 captas,

296 3721 300 3730 .
397 3650 534 3727 Nota:

274 3789 415 3864 Forsan
430 3814 509 3864 rnas
528 3787 636 3868 chn.
658 3787 966 3890 manifestatoria
987 3785 1111 3862 Rossii
1126 3787 1172 3862 ad
1188 3785 1261 3864 bu·

194 3907 259 4006 jus.
281 3907 421 4010 speciei
450 3933 591 3988 marem
617 3907 789 3986 adbiberi
810 3922 953 4011 potest,
988 3907 1138 4010 dequo
1166 3933 1261 3984 con·

194 4026 297 4103 saras.
312 4053 517 4129 synonyma
532 4031 579 4106 ad
600 4028 812 4132 Ephialten
833 4031 1176 4128 monp'festatorcm.
