2776 4628
221 184 295 258 674
664 199 834 254 causon

223 364 346 444 Pedes
356 367 446 457 rufi3
462 366 670 444 anteriores
684 365 789 441 coxis
804 379 844 441 et
857 353 1287 458 uschanniibusflavis

224 488 329 562 coxis
359 487 493 562 mediis
524 487 721 562 interdum
738 485 820 562 basi
846 485 976 576 iulus,
1016 485 1123 562 tibiis
1151 485 1289 562 anticis
1386 548 1387 551 ,

225 607 414 682 interdum
441 607 588 710 apicem
615 631 745 682 versus
769 605 894 715 flavis3
929 604 1082 710 postici'
1098 605 1290 683 interdum
1386 606 1387 655 ἶ

223 725 506 802 trochanterum
522 728 643 801 latere
657 719 869 830 superiore,
895 723 958 800 rel
978 723 1093 800 ctiam
1110 753 1290 802 coxarum

221 847 329 949 apice
351 871 513 936 summo,
548 823 693 947 nigros·
722 844 925 926 Abdomen
946 843 1149 946 segmentis
1174 851 1289 925 1-4

220 967 329 1055 rufis,
357 966 470 1041 dorso
485 966 668 1068 segmenti
683 975 724 1056 a,
751 989 1022 1066 nonnunquam
1042 963 1158 1042 etiam
1173 965 1287 1040 dorso

219 1101 497 1187 segmentorum
526 1097 550 1166 3
573 1100 612 1161 et
632 1089 657 1163 4
665 1140 676 1176 ³
710 1084 835 1187 nigro,
870 1091 895 1163 4
922 1083 1112 1160 interdum
1137 1085 1287 1160 macula

218 1205 369 1282 iatarali
388 1205 514 1308 nigra3
540 1207 565 1284 5
586 1205 649 1281 vel
664 1205 768 1294 rufo,
796 1203 905 1307 apice
926 1201 1055 1305 nigro,
1080 1205 1145 1280 val
1164 1203 1285 1305 nigro,

219 1325 300 1400 basi
320 1341 360 1401 et
384 1326 566 1403 lateribus
586 1325 696 1414 rufic3
723 1324 969 1425 sequentibus
990 1321 1124 1424 nigris,
1151 1338 1286 1402 ventre

220 1445 408 1521 interdum
433 1443 658 1520 rnicscente.
691 1485 743 1502 -
774 1425 935 1518 Caetera
963 1455 1007 1518 ut
1039 1443 1081 1518 in
1105 1442 1284 1544 plurimis

218 1564 421 1642 individuis
448 1563 634 1665 genuinis.
700 1617 707 1635 .

281 1686 406 1760 Mares
422 1699 463 1760 et
472 1681 635 1758 feminae
649 1681 749 1756 circa
762 1682 804 1760 V
800 1682 1044 1758 rutislavinrn
1059 1682 1160 1783 capti
1177 1698 1285 1772 suut3

215 1791 381 1881 iemin'ae
407 1804 520 1892 duae,
561 1802 660 1876 circa
691 1799 968 1878 Warmbrunn.
986 1815 1027 1876 et
1059 1802 1285 1879 Berolinum

215 1923 366 2026 captae,
399 1949 547 1998 mecum
567 1919 866 1998 communicatae
896 1934 994 1994 suut.
1022 1961 1074 1976 ·-
1099 1921 1285 1998 Richtero

216 2045 329 2118 maris
349 2039 585 2122 individuum
605 2039 821 2144 provenite
843 2064 946 2140 pupa
965 2037 1173 2144 Bouzbycis
1193 2039 1284 2140 bifi-

217 2161 466 2254 dae,·mense
485 2161 644 2238 Octobri
663 2157 753 2236 armi
776 2168 887 2240 1819.

416 2386 553 2462 Notat

215 2558 220 2566 ·
292 2521 533 2598 Feminarum
558 2517 804 2623 genuinamm
835 2507 1125 2620 hungaricarum
1160 2519 1282 2598 altera

214 2641 410 2742 (stigmate
429 2657 469 2716 et
491 2643 688 2742 squamula
710 2639 845 2728 fuscis,
871 2638 1176 2716 trochanteribus
1198 2667 1283 2718 tna*-

216 2761 289 2835 diis
310 2775 349 2836 et
370 2760 577 2837 femoribus
605 2759 779 2835 omuibus
799 2760 893 2835 totis
913 2761 1043 2860 rufis),
1079 2757 1284 2841 abdomina

214 2881 464 2983 antennisque
489 2877 727 2956 brevioribus
755 2894 795 2956 et
815 2879 1078 2967 crassioribus,
1112 2879 1283 2956 medium

211 3013 320 3076 tenet
350 2999 451 3075 inter
481 3002 533 3077 A.
561 3005 779 3076 tenuicorne
813 3015 853 3076 et
886 2999 1168 3096 floveolntum,
1213 2999 1283 3077 aad

209 3118 324 3194 tarsis
344 3119 503 3222 posticis
528 3118 808 3220 augustioribus
834 3119 1061 3222 magianum
1087 3118 1157 3194 illo
1185 3145 1283 3196 con-

212 3238 326 3339 gruit.
396 3304 399 3308 .

282 3357 471 3436 Conferas
492 3357 645 3462 quoque
666 3373 794 3436 notam
811 3360 857 3435 ad
875 3373 1106 3464 arquatum,
1132 3387 1167 3434 n.
1189 3369 1277 3441 123.
