2834 4632
661 201 828 256 OPHION

519 489 571 556 16.
613 481 651 551 C.
671 479 907 554 EBENINUS.
947 504 984 549 n.

417 650 604 718 Abdomine
620 651 888 740 subcompress03
910 650 1051 740 pedibus
1063 649 1161 728 ruiis,
1184 653 1277 721 coxis

416 751 734 942 {tregsscbanteribus
751 754 867 842 nigris.
911 775 955 822 ru.
977 753 1001 820 f.
1044 753 1173 838 (aculeo
1195 775 1280 844 per-

292 1077 513 1182 Longstudo
528 1080 640 1158 muris
655 1081 721 1183 3¹),
734 1078 877 1185 -4¹(„
902 1077 1066 1160 feminae
1080 1075 1270 1188 QZ-Sss

217 1197 415 1277 linearum.
469 1206 600 1305 Caput
620 1201 745 1304 palpis
770 1215 811 1276 et
828 1199 1130 1278 mandibularum
1150 1203 1278 1280 medio
1406 1244 1407 1281 fi

217 1321 310 1396 rufis
331 1338 396 1397 aut
413 1320 655 1424 ferrugineis,
681 1319 844 1398 feminae
862 1321 1052 1398 interdum
1070 1321 1189 1425 piceis
1210 1348 1278 1400 seu

191 1485 195 1500 κ
217 1442 446 1518 mandibulis
462 1442 553 1518 totis
574 1441 702 1544 nigris.
755 1443 960 1520 Antennae
981 1442 1128 1544 apicem
1147 1469 1279 1540 versus

218 1562 436 1662 graciliores
456 1575 646 1662 curvatae,
672 1559 764 1638 mari
784 1560 942 1636 dimidio
955 1587 1115 1664 corpore
1129 1563 1280 1664 longio-

219 1707 291 1770 res,
312 1681 475 1758 femiuae
489 1681 605 1784 paulo
619 1679 811 1757 breviores
824 1708 937 1784 quam
950 1683 1056 1756 mari.
1110 1683 1281 1760 Thorax

219 1800 365 1902 gibbus.
387 1804 490 1880 Aloe
502 1800 721 1892 mediocres,
735 1801 823 1904 plus
835 1799 959 1876 minus
971 1801 1282 1904 subsumatohya-

218 1919 337 2011 linae,
365 1920 539 2023 stigmate
553 1935 592 1995 et
605 1920 710 1995 radio
726 1919 937 1996 stramineis
951 1935 1017 1996 aut
1030 1919 1279 2024 suscopiceia'3
1408 1921 1409 1950 ³

219 2041 413 2141 squamula
432 2057 472 2118 et
490 2038 616 2118 radice
635 2040 739 2115 flavis
761 2053 826 2114 aut
846 2039 1071 2142 stramineis,
1099 2041 1167 2116 illa
1184 2042 1280 2118 mari

218 2157 337 2234 rarius
367 2159 491 2261 nigra,
525 2160 652 2235 areola
688 2157 870 2260 regulari,
904 2157 1025 2234 rarius
1068 2158 1280 2261 irregulari,

220 2278 402 2381 petiolata
424 2297 490 2354 aut
509 2279 779 2383 subpetiolata,
806 2277 900 2354 mari
915 2293 958 2353 ut
971 2279 1178 2382 plurimum
1191 2281 1282 2356 sub·

221 2400 356 2476 sessili.
412 2399 534 2477 Pedes
546 2399 754 2478 mediocres
767 2399 858 2489 rufi,
885 2397 990 2472 coxis
1005 2413 1046 2473 et
1064 2399 1282 2477 trochante·

220 2518 325 2604 ribus
366 2518 499 2622 nigris,
534 2518 593 2594 his
624 2518 850 2622 plerumque
884 2515 992 2618 a'piee
1030 2517 1133 2606 rufo,
1173 2519 1281 2596 tibiis

220 2639 378 2742 posticis
394 2639 582 2716 interdum
602 2639 710 2740 apice
732 2639 856 2740 nigro;
883 2637 992 2712 tarsis
1017 2637 1173 2740 posticis
1192 2640 1282 2742 plus

221 2759 345 2834 minus
365 2758 491 2836 fuscis.
545 2759 748 2838 Abdomen
762 2757 886 2859 capite
899 2757 1129 2860 thoraceque
1148 2785 1283 2861 parum

222 2879 374 2980 longius
402 2897 441 2956 et
466 2879 676 2982 angustius,
710 2877 1032 2980 aubcylindricum
1057 2895 1124 2954 aut
1157 2881 1284 2981 cylin-

222 2998 575 3090 drico-fusilorme3
600 3001 754 3076 alatere
768 2999 973 3089 clavatum,
999 2999 1092 3073 mari
1112 3002 1285 3078 subtere·
1401 2988 1406 3021 ²

220 3120 445 3212 tiusculum,
478 3119 642 3198 feminae
664 3118 1010 3221 subcompressum3
1043 3134 1236 3220 segmento
1259 3129 1281 3200 1

221 3257 329 3345 parte
347 3240 469 3315 antica
491 3241 578 3340 plus
597 3239 721 3315 minus
739 3240 900 3330 tumida,
926 3239 1042 3343 paulo
1055 3237 1229 3314 breviore
1242 3251 1286 3314 et

222 3360 341 3464 duplo
353 3359 490 3436 latiore
504 3387 614 3462 quam
628 3357 812 3462 petiolus,
840 3360 1064 3462 plerumque
1079 3356 1285 3434 latitudine

223 3479 413 3582 longiore,
440 3477 559 3554 rarius
579 3479 873 3556 suborbiculata.
925 3481 1096 3560 Aculeus
1116 3477 1286 3580 longitu-

223 3598 311 3674 dine
334 3599 488 3702 quintae
511 3600 629 3702 partis¹
657 3599 878 3676 abdominis.

300 3719 444 3795 Marem
476 3734 515 3794 et
539 3719 697 3795 feminas
731 3720 931 3795 nonnullas
965 3717 1057 3820 legi,
1091 3711 1285 3791 mensibus

224 3836 324 3913 Iunii
337 3855 377 3914 et
390 3841 612 3941 Septembri,
634 3839 733 3914 circa
756 3841 798 3917 V
796 3844 1051 3927 rutislovr‘am,
1064 3836 1104 3912 in
1117 3835 1286 3938 gramine

225 3971 265 4032 et
284 3954 490 4048 fruticetis,
524 3960 706 4063 quaedam
731 3960 852 4062 paria,
880 3959 980 4038 circa
1010 3955 1289 4050 Wormdrunu,
