2724 4630
369 246 468 297 ram.
498 225 588 296 VIII.
620 245 798 298 aurssa.
1036 233 1113 310 275

66 409 255 490 Abdomen
270 426 463 515 segmento
480 419 500 490 1
517 412 577 490 vel
597 412 860 504 immaculato,
884 415 945 490 vel
960 417 1112 518 ponetis

66 532 199 609 duobus
221 547 262 610 et
280 532 447 635 margine
465 531 731 622 subtestacei83
756 534 945 634 2punatis
963 535 1112 616 duabus

66 653 273 730 lateralibus
305 653 510 756 utrimque,
544 653 732 730 anteriore
764 652 817 753 (i.
848 675 879 730 ε’.
909 653 990 734 basi
1021 683 1112 760 pro·

66 773 179 874 piore)
200 773 378 876 obliquo,
405 771 559 862 albidis
586 771 830 877 sequentibus
853 775 1000 852 macula
1015 778 1112 856 late·

65 893 141 983 rali,
167 891 367 994 irregulari
391 907 457 968 aut
484 891 770 994 longitudinali,
798 893 987 970 interdum
1014 921 1111 999 quo-

67 1041 128 1114 qne
144 1013 314 1116 margine
334 1011 471 1088 dorsali
491 1013 791 1103 membranaceo,
817 1011 970 1105 albidis3
997 1025 1111 1096 8-6

65 1135 219 1236 margine
233 1131 382 1210 laterali
396 1131 594 1235 producto,
620 1133 755 1210 eodem
767 1134 882 1209 modo
894 1161 939 1211 aa
952 1135 992 1212 in
1006 1137 1110 1214 Pim-

65 1257 123 1354 pla
138 1252 324 1356 superba,
348 1281 386 1330 n.
403 1260 488 1332 122.
542 1255 712 1332 Aculeus
725 1277 884 1356 corpore
897 1254 1112 1358 duplolon-

66 1373 138 1472 gior
156 1373 286 1476 (apice
304 1370 517 1473 mutilato),
544 1371 690 1465 fuscus,
717 1373 866 1450 terebra
883 1377 979 1452 rufa

130 1495 250 1568 Unam
282 1492 458 1568 feminam
490 1495 659 1594 Manger
689 1492 794 1595 oepit
821 1492 921 1570 circa
956 1497 1111 1574 Worm-

67 1609 196 1698 braum
221 1615 390 1704 alteram,
416 1611 611 1704 minorem,
633 1627 828 1716 segmento
840 1612 965 1716 primo
980 1628 1020 1691 et
1032 1642 1111 1692 me-

67 1731 259 1812 tatlroraoir
273 1731 661 1826 dorsoimmaoulatis,
676 1731 754 1810 vidi
766 1733 807 1810 in
821 1759 953 1812 museo
965 1735 1110 1837 Klugii.

313 2153 386 2220 121·
427 2141 783 2234 monumenta.
825 2167 861 2212 n.
920 2119 924 2128 '

255 2314 506 2402 Segmentomm
515 2311 708 2382 ultimorum
720 2315 867 2403 margine
880 2311 1005 2380 dorsali
1017 2311 1111 2381 albo·

253 2416 518 2498 membranao003
548 2413 689 2482 scutello
715 2418 918 2504 picturisque
939 2415 1056 2504 capitis
1079 2427 1113 2482 et

252 2519 398 2586 thoracis
411 2518 512 2602 albis3
532 2519 675 2608 pedibus
689 2515 781 2600 rufis,
802 2517 1009 2606 poeticorum
1020 2516 1112 2584 tibiis

256 2621 415 2708 tersisque
436 2611 550 2691 fuscis.
582 2617 606 2689 f.
650 2617 782 2704 (acmen
804 2617 1012 2710 longitudine
1034 2639 1114 2686 cor-

254 2721 375 2812 poris).

125 2927 291 3009 Statura
305 2945 345 3008 et
356 2925 555 3036 proportio
568 2927 734 3031 partium
749 2943 792 3006 ut
803 2929 844 3008 in
855 2931 1116 3032 persuasoria,

73 3075 102 3122 n.
118 3059 203 3142 119;
230 3051 296 3129 sed
310 3052 435 3129 areola
450 3050 607 3127 minore.

136 3170 356 3272 longitudo
389 3177 529 3250 8-10
560 3169 759 3246 linearum.
828 3167 957 3270 Caput
990 3163 1115 3267 pulpis

74 3291 166 3383 rufis,
193 3291 328 3370 orbitis
355 3289 555 3367 oculorum
575 3287 735 3363 internis
753 3286 860 3362 albis.
914 3285 1117 3363 Antennae

75 3411 188 3490 subtus
201 3409 438 3511 ferrugineas
451 3424 516 3484 aut
528 3409 666 3485 lusoae.
721 3407 889 3484 Thorax
900 3403 1012 3480 lineis
1027 3404 1117 3481 dua·

76 3527 134 3606 bus
152 3529 491 3635 longitudinalibus
508 3527 738 3616 dorsalibus,
764 3525 985 3627 lineolaque
996 3540 1119 3600 trans·

75 3653 193 3730 sersali
222 3651 293 3728 sub
322 3627 517 3740 seutellos
532 3647 849 3724 testaceoalbidis.
902 3645 1118 3724 Scutellum

75 3770 438 3850 testaceo-albidum.
492 3769 595 3847 Alae
618 3765 920 3870 lulvohyalinae,
946 3765 1120 3868 stigmate

77 3887 168 3970 lulro
183 3907 444 3981 auttestaoeo,
471 3889 577 3964 radio
589 3888 709 3976 lusco,
733 3885 860 3963 radice
871 3899 912 3960 et
925 3885 1120 3988 squamula

78 4009 396 4104 lulvirautllariu
422 4011 547 4090 areola
564 4005 786 4111 triangulari
799 4004 995 4172 pptiolata.
1050 4005 1122 4080 Pe-

776 4133 824 4203 18
