2736 4630
28 3 392 13 -..-.-.—.-„.----.-----..—-.v

279 220 381 276 asu.
409 207 442 288 Ι,
470 219 586 274 sncr.
612 219 638 272 r.
666 217 943 272 ntrurornnx.
1064 197 1142 276 463
1251 219 1255 228 ·

78 413 200 470 nervo
217 385 406 466 exteriore
426 383 667 478 tenuissimo,
693 382 735 458 in
765 407 921 462 nervum
946 409 1141 462 recurren-

79 529 160 590 tem
178 508 389 588 secundum
406 504 610 584 incidente.
663 501 786 582 Pedes
809 503 1018 582 mediocres
1039 505 1144 581 mlo-

78 633 199 721 fulvi3
226 627 433 706 anteriores
459 627 564 702 coxis
585 624 719 728 nigris,
745 623 880 700 enticis
905 623 1001 700 mari
1027 625 1144 702 inter-

81 755 174 828 dum
191 749 323 826 subtus
337 747 484 822 macula
497 744 722 848 ferruginea,
741 741 905 819 feminae
918 746 1048 820 subtus
1061 746 1145 848 ple·

80 897 247 974 rumque
270 866 497 970 ferrugineis
523 881 588 941 aut
614 865 720 944 flavis
746 881 811 940 aut
838 864 1039 954 exalbidis3
1065 881 1146 940 tro-

78 989 325 1068 cbanteribus
346 985 595 1064 anterioribus
618 983 780 1062 feminae
798 985 922 1076 flavis,
949 984 1082 1060 mediis
1102 1002 1147 1061 ut

78 1112 291 1216 plurimum
311 1107 391 1182 basi
415 1103 548 1196 luscis3
574 1106 713 1210 postici
727 1105 832 1182 coxis
845 1099 1148 1182 ettrochanteri-

78 1237 153 1315 bus
167 1231 301 1336 nigris,
329 1226 389 1303 his
403 1223 566 1303 feminae
579 1227 770 1304 interdum
781 1226 1013 1328 apice-flavo,
1040 1227 1146 1337 tibiis

79 1357 177 1432 rufis
205 1367 270 1428 aut
290 1345 592 1436 subnominatis,
619 1345 780 1424 feminae
806 1345 926 1423 rarius
951 1347 1146 1440 exalbidis,

80 1501 236 1578 semper
254 1485 397 1564 autem,
427 1465 579 1568 utrique
600 1467 725 1558 sexui,
751 1466 860 1570 apice
887 1481 928 1544 et
951 1467 1049 1557 basi,
1078 1495 1145 1544 seu

82 1595 228 1672 annulo
248 1605 337 1669 ante
358 1587 482 1676 basin,
510 1585 597 1688 plus
617 1587 759 1678 minus,
786 1585 978 1668 interdum
995 1587 1147 1667 obsole-

82 1716 249 1803 tissime,
291 1706 562 1810 nigricantibus
593 1722 659 1782 aut
691 1707 1004 1799 lassescentibus,
1038 1708 1148 1782 tersis

83 1836 222 1926 fuscis,
249 1829 413 1908 articulo
441 1835 461 1906 1
491 1827 719 1930 plerumque
746 1827 950 1931 pallidiore
975 1843 1042 1904 aut
1067 1827 1148 1904 basi

83 1955 193 2047 rulo,
226 1949 435 2028 femoribus
467 1945 631 2024 feminae
655 1973 924 2052 nonnunquam
948 1947 1149 2051 geniculis,

85 2077 208 2154 rarius
222 2096 374 2176 quoque
390 2067 469 2146 basi
484 2093 639 2160 summa,
662 2067 798 2171 nigris·
831 2069 1033 2149 Abdomen
1047 2069 1151 2172 capi.

85 2198 138 2272 tis
151 2193 395 2294 thoracisque
408 2187 647 2291 longitudine
661 2217 729 2266 seu
743 2189 858 2292 paulo
876 2189 1043 2292 longius,
1071 2189 1153 2292 api-

87 2341 175 2392 cem
187 2337 318 2392 versus
331 2309 421 2414 plus
433 2308 557 2386 minus
573 2333 841 2413 compressum,
856 2309 950 2384 mari
965 2311 1154 2386 interdum

87 2437 172 2514 iere
191 2451 290 2511 teres
312 2443 506 2533 segmento
523 2438 543 2509 1
558 2445 666 2533 parte
685 2430 808 2506 antica
827 2431 953 2508 medio
974 2431 1063 2534 plus
1083 2431 1155 2505 mi·

89 2584 165 2634 nus
180 2553 463 2642 tumidiuscula,
490 2550 691 2627 latitudine
706 2550 890 2654 longiore,
917 2551 1157 2654 longitudine
1204 2571 1209 2582 ·

87 2675 243 2782 petioli‚
259 2701 326 2752 scu
341 2671 457 2775 paulo
470 2669 655 2762 breviore,
670 2697 717 2747 eo
733 2685 859 2748 autem
874 2671 994 2774 duplo
1006 2671 1153 2748 latiore.

87 2799 262 2878 Aculeus
288 2792 447 2870 dimidio
472 2790 674 2868 abdomine
693 2793 756 2868 vel
776 2793 893 2895 paulo
918 2791 1072 2894 longior
1093 2789 1155 2869 vcl

88 2913 207 3021 paulo
221 2912 391 3001 brevior,
418 2911 826 3014 subsursumcurvatus.

167 3035 292 3109 Mares
311 3049 349 3108 et
363 3030 521 3108 feminas
538 3031 634 3132 legi,
661 3059 790 3110 mense
803 3035 992 3135 August0,
1020 3031 1060 3108 in
1074 3031 1154 3110 tru·
1180 3111 1183 3116 ,

88 3154 218 3234 ticetis
244 3153 344 3230 circa
376 3149 658 3238 Wnrmbrunn,·
689 3179 806 3228 unum
832 3178 974 3230 marem
1006 3154 1090 3257 cepi
1116 3153 1158 3229 in

90 3297 241 3350 summo
266 3270 461 3348 cacumine
481 3273 620 3350 montis
647 3273 912 3374 Reistraeger,
938 3273 978 3348 in
1003 3273 1157 3377 pinetis.

91 3395 224 3470 Plures
240 3390 402 3468 seminas
420 3391 521 3493 cepi,
547 3391 739 3469 mensibus
753 3391 1157 3496 Mnji-Septembris,

93 3515 142 3593 in·
155 3510 365 3602 fruticetis,
391 3510 511 3588 rarius
537 3511 577 3588 in
596 3512 772 3604 floribus,
799 3511 1160 3604 circaScdaidriied,

92 3636 323 3738 Trajectum
344 3630 400 3709 ad
423 3633 465 3711 V
463 3630 634 3724 iodrum,
662 3633 892 3734 Gottingam
917 3650 957 3711 et
974 3635 1159 3712 Bartero·

93 3755 187 3832 dam
221 3752 471 3853 (Barterodac
503 3767 613 3856 capta
646 3754 757 3830 unica
785 3770 844 3830 est
869 3753 974 3830 tibiis
1001 3753 1159 3856 posticis

93 3873 222 3950 medio
236 3872 412 3974 albidis);
438 3873 569 3976 plures
587 3899 736 3952 mecum
750 3873 1046 3950 communicatae
1061 3890 1159 3965 sunt,

95 3994 197 4072 circa
241 3995 285 4072 V
282 3996 525 4100 rotislcviam
531 4051 547 4086 ,
591 3993 834 4086 chbnnm,
877 3995 1162 4085 Hannorercm,
