2724 4630
212 247 292 322 toz
393 268 399 288 ²
658 258 824 312 aturrus

216 423 350 533 gulari,
366 426 464 504 iufra
480 439 712 530 segmentum
725 425 928 530 septimum
941 435 1147 530 prestante.
1174 421 1277 500 Huic

213 549 376 626 laminae
403 549 522 624 adfixa
551 563 609 625 est
627 547 843 652 appendix‚l
865 545 907 622 in
920 546 1054 622 rimam
1064 545 1277 622 ventralem

202 684 490 772 *segmentorum
511 667 733 744 ultimorum
759 667 914 757 reflexa,
941 665 1166 770 plerumque
1190 691 1276 740 om-

213 789 304 866 nino
337 787 572 880 abscondita,
603 787 797 865 'interdum
823 799 1122 877 autem·ventre,
1155 785 1277 863 instar

211 911 402 988 tuberculi
416 905 600 1012 elongati,
627 907 881 1012 subprostanS,
909 907 1043 984 eodem
1055 905 1276 982 modocon-

210 1031 381 1123 formata,
409 1029 730 1108 eseademtuuu
745 1045 784 1106 et
796 1025 967 1106 tenebrae
980 1023 1197 1117 insertione,
1229 1051 1275 1102 ac

212 1150 256 1226 in
270 1149 453 1230 Porizone'
467 1146 649 1254 harpuro,
677 1147 791 1253 steni
811 1147 858 1224 s'd
871 1145 965 1224 haec
977 1145 1149 1222 conferre
1164 1145 1275 1224 velis.

211 1269 395 1350 Moribus
407 1271 545 1351 luminu
565 1275 640 1350 ista
655 1269 789 1361 anulis,
815 1267 892 1346 'sub‘
902 1279 1095 1372 segmento
1109 1265 1276 1369 septimo

211 1407 404 1495 prostans,
430 1394 603 1472 obtusior
629 1391 698 1469 e'st'
716 1390 834 1493 quam'
856 1381 1023 1479 fentinis,
1051 1402 1090 1464 et
1109 1378 1276 1478 incisura

210 1511 334 1589 medla
348 1511 615 1617 longitudinali
633 1511 848 1618 bipartita(
876 1505 1193 1588 subnotantur
1208 1529 1275 1586 ex-

210 1649 388 1710 seruntur
412 1633 488 1708 duo
513 1622 737 1738 corpuscula
763 1622 1082 1719 conchaefo'nbia,
1111 1639 1277 1734 superne

212 1775 396 1845 convexa,
424 1751 571 1830 inferne
592 1753 771 1842 concarp
798 1750 839 1828 in
858 1749 928 1826 h'ac
948 1749 1181 1826 concavitate
1195 1749 1274 1826 duo

210 1869 285 1948 aliu
312 1868 538 1977 corpuscula
559 1871 639 1947 'sit'a
667 1880 772 1962 sunt,
798 1869 932 1948 itidem
955 1865 1272 1962 conchaeformia',

212 1989 277 2066 sed
299 1991 381 2068 istis
402 1989 659 2095 superioribus
685 1991 878 2082 breviora,
903 2003 1174 2094 praetereaque
1195 1989 1275 2068 duo

210 2113 434 2214 corpuscula
450 2113 598 2203 falcata,
615 2109 798 2214 forcipem
813 2108 1048 2200 exhibentia3
1073 2110 1174 2188 inter·
1185 2137 1273 2187 cor-

209 2231 367 2332 puscula
382 2231 684 2310 conchaeformia
697 2246 854 2333 prostat,
864 2230 1104 2334 longitudine
1119 2231 1272 2334 aequali

209 2351 399 2442 cumillis,
428 2353 548 2456 stylus
562 2351 856 2455 linguaeformis,
883 2349 1271 2453 rimalongitudinali,

210 2471 269 2546 uti
287 2471 454 2561 videtur,
480 2472 701 2575 bipartitus,
730 2488 1100 2575 superne'convcxus
1126 2464 1271 2550 nitidus
1349 2521 1350 2532 κ

207 2590 343 2682 laevis,
370 2589 516 2668 inferne
532 2611 718 2670 concavus
739 2619 809 2670 uec
828 2592 982 2670 nitidus.
1037 2592 1177 2670 Omnes
1197 2591 1272 2672 hae

207 2710 435 2816 appendices
456 2711 536 2789 sine
555 2712 672 2788 dubio
692 2711 739 2787 ud
758 2713 938 2815 genitalia
962 2714 1129 2790 muscula
1148 2716 1273 2819 perti.
1348 2719 1349 2726 ’

207 2847 315 2907 nent:
342 2832 469 2935 Stylus
484 2830 765 2935 linguaeformis
779 2833 886 2935 penis
901 2833 1154 2924 esseridetur,
1183 2859 1270 2912 cor·
1347 2935 1348 2944 ἵ

109 3057 112 3065 Ι
206 2954 367 3054 pussula
406 2951 716 3046 conchueforrnia·
750 2954 856 3030 illius
898 2955 1071 3058 vaginae;
1116 2953 1270 3058 forceps

206 3088 334 3148 autem
358 3072 484 3148 forsan
510 3073 668 3152 inservit
692 3073 739 3150 ad
764 3073 943 3151 feminam
961 3073 1270 3178 prehendendam

205 3207 246 3270 et
274 3194 473 3270 tenendam
501 3193 542 3270 in
562 3209 649 3270 actu
676 3193 848 3297 copulae.
909 3195 1051 3274 Eadem
1077 3209 1268 3272 structura

204 3313 426 3392 ultimorum
452 3331 731 3418 segmentorum
757 3313 797 3390 in
825 3315 983 3420 reliquis
1008 3341 1161 3420 quoque
1186 3341 1268 3392 ma-

203 3434 307 3511 ribus
335 3450 374 3512 et
397 3435 548 3512 feminis
577 3433 725 3537 generis
758 3434 988 3538 Pimplarum
1020 3435 1268 3539 conspicitur,

203 3555 269 3630 sed
294 3556 419 3633 miuus
445 3555 635 3633 distincte.
662 3598 715 3612 —
739 3557 910 3634 Aculeus
929 3581 1089 3662 corpore
1114 3557 1269 3661 longior

202 3689 278 3764 est,
304 3675 448 3780 vaginis
469 3675 596 3766 nudis,
624 3674 724 3750 haud
746 3675 948 3778 pilosellis.

280 3797 341 3874 De
373 3796 619 3874 affinitatibus
652 3795 880 3897 Rhyssarum
910 3823 998 3874 cum
1028 3797 1193 3904 Pimplis
1224 3815 1266 3878 et

199 3915 413 4020 Eptiuttis,
442 3917 512 3994 sub
532 3915 592 3994 his
605 3916 684 4021 jam
698 3916 851 3993 locutus
868 3941 962 3994 sum.
1015 3919 1072 3996 Ab
1086 3919 1263 3998 omuibus

1341 3773 1344 3956 l

199 4035 356 4142 reliquis
369 4039 600 4145 Pimplarum
621 4037 777 4114 familiis
799 4035 893 4116 haec
904 4035 1061 4118 thorace
1074 4041 1258 4146 ruguloso
1340 4127 1341 4134 Ν
