2744 4628
300 233 400 284 ran.
428 213 494 300 11,
521 229 639 284 caer.
669 231 708 283 n.
736 231 946 288 ronrzan.
1073 221 1152 296 779

89 395 295 488 abdomen,
330 397 497 474 alatere
525 393 666 487 vinnm,
704 394 937 500 triangulare
970 414 1010 480 ct
1042 401 1152 506 apice

88 533 308 597 truncatum
321 541 362 594 ae
375 515 563 622 exhibeat.
610 515 720 592 Ratio
734 512 952 620 appendicia
965 537 1015 598 et
1028 524 1151 602 aculei

89 639 224 716 eadem
250 653 309 714 est
327 637 478 740 qualem
502 636 580 739 jam
606 635 647 714 in
666 635 766 741 Opi.
788 637 987 742 haramo,
1014 671 1051 720 n.
1078 647 1152 724 164

91 774 135 836 et
155 757 267 834 aliter
283 756 476 860 descripsi.

155 879 283 959 Maras
296 877 426 980 plures
438 875 694 982 feminamque
707 876 784 978 legi
796 876 897 956 circa
909 878 1155 982 Gottingam,

90 997 136 1073 in
155 997 259 1074 vallo
280 1012 318 1074 et
333 995 474 1086 hortis,
498 997 610 1072 floras
625 1011 665 1074 et
681 996 848 1098 gramina
860 997 1153 1102 frequentantes,

91 1141 224 1194 mense
255 1115 374 1218 Majo.
441 1116 544 1194 Naar
573 1115 623 1194 ab
657 1115 850 1195 Eranhaek
880 1121 1021 1198 multos
1059 1121 1155 1224 legit

93 1262 216 1313 marea
231 1237 271 1313 in
285 1235 382 1314 lacia
400 1235 560 1312 sordidis
575 1235 675 1313 cirea
688 1235 996 1316 scotera-tarsen.
1050 1241 1156 1318 Non·-

94 1357 225 1433 nullos
256 1381 409 1460 quoque
433 1355 733 1458 maiesataam,
767 1355 1156 1438 cineachrmbrnnn

96 1491 139 1554 ct
158 1476 198 1552 in
216 1481 368 1554 Tauria
386 1474 521 1551 lentos.
574 1475 754 1551 Feminae
775 1474 871 1554 duae
890 1505 1039 1556 mecum
1051 1504 1156 1557 com·

94 1595 310 1672 manicatae
334 1609 440 1686 cunt,
482 1593 582 1670 circa
607 1595 830 1674 Baralirem
861 1603 901 1674 et
925 1599 965 1676 in
992 1601 1157 1701 Reginae

95 1713 385 1796 Pedemontane
417 1729 567 1818 captae3
607 1714 936 1817 pedemontanam,
975 1722 1159 1822 segmenti

96 1836 253 1912 secundi
275 1836 383 1937 apice
404 1835 603 1912 straminea
624 1833 857 1928 distinctam,
883 1839 1035 1920 Bonettt
1053 1841 1159 1944 capit

98 1956 163 2032 die
182 1965 232 2034 at
246 1956 358 2059 Maji,
385 1957 426 2032 in
441 1957 542 2032 colle
555 1954 761 2032 Valentini.
814 1960 920 2034 Inter
933 1986 1053 2036 mares
1072 1978 1157 2064 got-

96 2076 288 2180 tingenses
315 2075 507 2154 individua
529 2090 617 2154 aunt
643 2073 815 2166 minima,
853 2103 974 2180 eaque
996 2081 1156 2182 pedibus

98 2196 400 2287 obscurioribus,
430 2196 614 2298 tibiisque
639 2193 797 2296 posticia
819 2196 939 2297 ¹paulo
965 2201 1159 2278 crassiori-

97 2317 187 2407 bns,
225 2316 420 2408 distincta
453 2341 550 2426 quae
593 2313 830 2398 differentiae
861 2330 989 2398 tamen
1019 2323 1158 2400 sensim

98 2452 391 2522 commutantur.

425 2828 429 2839 ¹
510 2739 747 2819 Varietas:

181 2924 215 2995 1.
241 2912 474 2992 Abdomini«
499 2910 624 2990 medio
642 2917 862 2990 straminea.
896 2939 947 2988 m.
974 2953 1029 2977 -··
1057 2915 1161 2993 Lan»

98 3035 240 3139 gitndo
265 3044 284 3113 1
305 3034 442 3110 lineae.
502 3033 583 3132 (De
612 3033 741 3108 colare
766 3033 843 3108 oris
872 3047 912 3108 et
936 3033 1068 3112 baseos
1093 3065 1159 3114 an-

99 3173 302 3234 tennarum
316 3156 486 3231 ⁴incertus
505 3179 605 3242 aum,
633 3178 720 3227 cum
734 3152 971 3230 individuum
991 3156 1158 3249 unicum,

100 3279 145 3355 in
163 3301 295 3353 museo
314 3275 470 3375 Klugii,
494 3272 645 3348 chartae
664 3272 942 3376 adglutinatam
960 3275 1026 3368 sit,
1053 3277 1161 3355 inde»

102 3426 179 3502 que
199 3422 249 3473 oa·
262 3411 303 3472 et
319 3396 419 3472 latus
438 3393 595 3472 inferius
616 3411 862 3470 antennarum
882 3393 982 3470 visui
1010 3423 1050 3472 se
1070 3400 1160 3473 sub-

100 3519 318 3618 traxerint).
384 3517 489 3593 Alae
514 3530 558 3590 ut
584 3515 625 3590 in
652 3514 779 3618 specie
799 3515 971 3615 genuina.
1038 3517 1162 3596 Pedes

102 3635 529 3724 straminea-testaceam
562 3635 667 3712 coxis
684 3633 817 3725 suanm,
851 3633 1158 3739 poeticinnigric.

100 3759 306 3840 Abdaman
317 3755 517 3857 tegimentis
527 3765 559 3834 -2
571 3756 883 3845 ettatraminein
903 3757 1159 3836 dorsofuscie.

177 3877 419 3954 Individuum
464 3875 619 3954 unicum
662 3875 786 3954 circa.
805 3877 1027 3958 Baralinum
1072 3903 1162 3986 cap·

100 4016 185 4076 tum
209 4015 279 4080 2⁸12·
352 4063 355 4066 -
425 4049 446 4066 'a
