2744 4628
255 227 426 280 ormon
450 211 672 278 rnn.·v111.
702 226 976 282 onnnrsros.
1092 203 1169 284 751

193 1237 324 1340 Caput
342 1235 456 1348 breve
477 1251 543 1310 out
556 1207 849 1312 breriusoulum.
876 1275 929 1294 -
953 1235 1071 1313 Oculi
1083 1257 1174 1338 pro-

113 1354 302 1432 minentes
316 1353 449 1432 ovnles*
461 1363 526 1431 out
541 1355 770 1458 subglobosi.
798 1397 851 1414 -
875 1357 1175 1458 Antennaegm-

115 1475 228 1567 ciles,
254 1475 361 1581 apice
376 1476 901 1584 cuwntaeoutsuhcuwotoe.
928 1517 981 1536 -·
1005 1477 1175 1554 Thorax

116 1596 294 1700 gibbulus
332 1577 828 1698 eut‘eyliiidiicliglbbdln'n.
853 1614 922 1656 ‘·-·-
958 1597 1174 1675 Scutellum

117 1717 204 1821 plus
219 1718 342 1792 minus
357 1741 577 1805 convexum,
595 1716 824 1818 triangulare
837 1715 945 1820 apice
959 1716 1108 1792 obtuso.
1122 1757 1175 1774 -

117 1838 221 1916 Alae
239 1835 466 1926 mediocres,
493 1835 618 1911 areola
638 1835 755 1912 nullo.
782 1879 835 1896 -
859 1837 982 1914 Pedes
1002 1835 1173 1939 graciles,

116 1957 238 2033 rarius
270 1956 564 2044 submediocres‚
605 1983 639 2033 e.
671 1983 706 2058 g.
735 1959 798 2034 Cr.
826 1962 1092 2060 interruptori.
1122 1996 1176 2014 --

115 2074 319 2156 Abdomen
337 2078 445 2155 laeve
471 2077 696 2182 petiolntum
721 2102 992 2179 compressum,
1019 2077 1176 2153 thorace

117 2196 311 2298 angustius
325 2212 364 2274 et
378 2196 545 2300 longius,
572 2197 761 2274 interdum
774 2198 863 2300 plus
876 2198 995 2301 duplo
1012 2197 1174 2300 longius,

112 2344 140 2394 o
159 2317 278 2394 latore
299 2317 432 2394 risum·
448 2317 653 2404 clavatum,
680 2331 874 2418 segmento
899 2317 1072 2394 secundo
1091 2318 1176 2419 ple-

115 2463 279 2538 rumque
302 2437 367 2515 vix
394 2436 692 2540 suboompresso.
746 2437 986 2538 Segmentum
1011 2435 1177 2537 primum

116 2557 265 2661 petiolo
290 2557 441 2658 gracili,
469 2555 684 2660 angustiore
706 2570 746 2630 et
762 2555 935 2658 longiore
955 2581 1067 2658 qnam
1088 2581 1176 2659 pons

117 2676 259 2766 antica,
287 2676 355 2752 hoo
375 2677 568 2782 plerisque
582 2676 701 2778 duplo
720 2673 857 2752 lotione
871 2701 982 2778 quam
995 2675 1175 2778 potiolus,

116 2822 285 2874 convexo
316 2796 382 2875 aul
406 2797 715 2893 conveniusonla,
741 2795 943 2872 latitudine
967 2795 1202 2898 longitudi-'

117 2917 194 3008 nis,
227 2915 347 2992 rarius
376 2915 551 3019 longiore
576 2943 689 3019 quam
716 2915 792 2992 lata
819 2931 858 2993 et
883 2915 1179 2993 subconvexius-

116 3037 222 3128 cula,
250 3063 283 3112 e.
305 3062 340 3139 g.
363 3038 457 3112 mori
478 3042 544 3117 Cr.
569 3035 750 3116 bellicosi.
776 3078 831 3094 —
855 3037 1025 3116 Aculeus
1050 3063 1177 3114 exsor-

117 3173 197 3248 tus‚
226 3155 466 3260 longitudine
491 3154 639 3234 dimidii
667 3155 894 3248 abdominis,
924 3171 989 3234 aut
1014 3155 1177 3261 longior,

115 3293 244 3354 rectus
259 3292 325 3352 aut
338 3276 771 3356 subdeorsumcurvatus.
854 3379 856 3384 ἵ

195 3398 435 3484 Relationnm
468 3395 582 3500 hujus
622 3393 841 3500 subgeneris
882 3394 928 3472 od
960 3401 1180 3500 Tropistos,

119 3521 414 3622 Compopleges,
440 3519 646 3610 Paniscos,
671 3519 892 3608 Anomola,
919 3517 1113 3622 Ophiones
1139 3536 1180 3596 et

119 3639 383 3742 Pockymeros
403 3661 515 3740 supra
541 3639 619 3740 jam
644 3637 741 3714 ratio
761 3637 889 3715 habita
910 3653 980 3714 est.
1007 3681 1060 3696 -
1085 3639 1179 3717 Gre-

118 3759 230 3834 mosti
245 3759 358 3836 etiam
371 3784 458 3833 oum
471 3757 722 3837 Porizonilns
738 3757 868 3836 affines
883 3773 986 3849 sunt,
1013 3759 1079 3836 sed
1094 3789 1181 3839 ner-

119 3880 175 3954 vis
189 3879 332 3954 alarum
347 3877 534 3968 distincti,
563 3908 646 3955 nam
669 3879 810 3956 cellula
831 3878 982 3954 radiolis
1000 3882 1117 3984 magis
1139 3882 1179 3958 in

118 3998 413 4100 longitudinem,
442 4014 480 4076 at
492 3998 616 4078 minus
636 4001 677 4077 in
697 3999 937 4078 latitudinem
963 4025 1029 4078 seu
1049 4026 1178 4080 versus
