2726 4634
472 259 662 312 ιιιιιιιι
690 245 718 313 Ι.
1050 249 1125 320 889

346 427 637 526 .'Syuonyma
668 427 821 500 maris:

81 541 179 621 leta
207 541 504 622 imbellatorum
537 543 700 619 Sohrank
734 545 845 622 Reise
875 573 919 649 p:
953 554 1040 634 261.
1076 587 1127 608 -·

278 663 409 754 boica,
444 693 480 740 n.
503 665 622 753 20513
655 665 854 766 longitudo
877 675 899 744 8
927 667 1124 746 linearum.

281 785 441 885 (Auctor
460 785 501 859 in
520 784 633 860 Beitr.
655 809 693 887 p.
712 793 781 876 91,
808 787 846 880 §.
868 789 941 876 56,
966 788 1126 866 interro·

280 919 359 1007 gat,
386 929 476 979 num
495 903 602 982 Ichn.
622 913 771 983 occisor
797 905 911 1008 hujus
938 906 988 981 sit
1006 908 1127 984 varie·

279 1025 362 1102 tas?
395 1031 544 1102 occisor
562 1038 687 1102 autem
709 1024 842 1102 aculeo
860 1025 1034 1130 longiore
1053 1027 1127 1102 dif-

281 1145 371 1235 fert,
397 1145 603 1248 potiusque
623 1145 669 1220 ad
688 1148 981 1248 Gompoptagem
1001 1151 1127 1253 pugil-

280 1269 444 1343 latorem
463 1263 695 1341 adhibendus
721 1267 810 1366 est).

127 1437 148 1474 ,‚
198 1384 324 1461 Gmel.
346 1386 402 1461 ed.
427 1384 536 1460 Linn.
558 1413 595 1489 p.
617 1391 736 1471 26773
764 1412 800 1460 n.
825 1387 875 1466 85
902 1386 988 1485 (ubi
1003 1403 1127 1463 autem

280 1495 373 1580 haee
402 1506 546 1608 species
580 1529 778 1608 perperam
809 1505 1127 1584 Ichneumonibus

281 1625 445 1704 soutello
460 1625 558 1716 albo,
568 1625 739 1702 antennis
754 1625 1129 1703 alboannulatiscon-

282 1745 445 1822 sociatus
472 1747 563 1846 est).

85 1861 181 1940 lehn.
202 1871 303 1943 ories
326 1865 458 1942 Christ
482 1892 521 1968 p.
550 1873 625 1946 889
652 1865 719 1967 (ad
748 1864 941 1944 individua
965 1865 1128 1942 seutello

279 1985 378 2063 flavo
399 1985 576 2088 spectat).
691 2027 694 2035 «

85 2103 181 2180 lehn.
200 2123 358 2184 venator
376 2106 486 2181 Febr.
505 2105 591 2181 Eut.
608 2131 646 2207 p.
665 2112 755 2196 168,
777 2133 813 2182 ιι.
830 2112 923 2196 148,
948 2131 1037 2184 arou
1052 2129 1129 2182 uno

282 2228 449 2304 alterove
469 2224 679 2300 abdominis
700 2224 798 2302 rufo.
827 2227 955 2326 (chn.
973 2227 1130 2305 venator
1232 2319 1236 2328 ι

281 2346 435 2437 Linnei,
461 2344 643 2436 Gmelini,
677 2343 847 2436 Christo,
875 2346 1081 2437 Latreillei‚
1109 2371 1130 2421 a

280 2479 408 2540 nostra
437 2467 564 2568 specie
596 2464 742 2558 differt,
777 2467 977 2543 abdomine
1009 2467 1128 2568 nigro,

281 2583 361 2659 basi
376 2585 507 2661 subtus
521 2585 713 2661 incarnata
739 2588 822 2691 (i).
876 2584 1059 2662 Latreille
1072 2599 1131 2659 at·

281 2719 408 2782 tamen
426 2707 465 2780 B.
489 2732 573 2783 ven.
596 2707 705 2784 Febr.
728 2721 768 2784 et
786 2706 931 2784 Sohaof.
950 2703 1026 2780 tab.
1044 2713 1129 2791 120,

282 2828 344 2928 fig.
368 2835 404 2904 7.
435 2835 477 2916 8,
504 2827 550 2900 ad
575 2853 679 2902 suam
699 2829 864 2930 speciem
885 2825 1049 2901 adhibet.
1077 2863 1131 2885 --·

280 2945 571 3024 lehumnum
598 2946 793 3022 Sohrankii
828 2945 1010 3046 (Austr.),
1043 2941 1129 3019 Vil-

226 3117 230 3125 ι
278 3064 396 3155 lensii,
420 3065 592 3155 Olivieri,
619 3083 813 3169 praeterea
828 3067 961 3141 aculeo
981 3077 1131 3151 exserto

279 3185 452 3261 discedit.
465 3229 517 3246 -
542 3190 604 3262 Da
624 3187 782 3266 Boncho
801 3203 993 3275 venatore,
1019 3181 1130 3284 eujus

280 3305 413 3405 Illiger
430 3306 471 3382 in
486 3321 575 3381 nota
598 3309 644 3382 ad
658 3307 762 3384 Ichn.
779 3321 995 3385 venatorem
1008 3301 1130 3378 Rossii

281 3423 530 3500 mentionem·
548 3425 657 3517 fecit,
697 3427 885 3518 conferas,
926 3441 1027 3528 'quae
1061 3422 1130 3498 sub

198 3609 201 3616 .
283 3547 415 3644 Trogo
429 3545 664 3647 lapidatore,
676 3575 712 3624 n.
731 3557 772 3638 8,
798 3547 941 3624 monui.
957 3587 1009 3610 -κ
1022 3544 1129 3620 Ichn.

283 3681 442 3742 venator
460 3665 624 3742 Schrank
646 3666 775 3757 Boion,
804 3695 840 3742 n.
863 3667 983 3755 2059,
1010 3663 1131 3740 femo-

280 3781 386 3858 ribus
406 3785 563 3886 postioie
582 3785 715 3887 nigris,
743 3799 815 3862 eto.
839 3785 992 3887 Ophion
1012 3783 1102 3885 est).

127 3951 147 3987 ,,
197 3903 340 3979 Panzer
365 3903 413 3982 ad
438 3904 596 3983 Sohaeff.
629 3905 706 3982 tab.
744 3913 836 3995 120,
861 3903 923 4008 fig.
958 3911 984 3983 7
1015 3917 1055 3982 et
1088 3909 1131 3994 83

285 4024 391 4102 noxis
410 4023 525 4102 fulvis
578 4025 660 4126 (2).
