2770 4630
216 225 291 296 604
660 244 825 293 oraton
894 277 898 284 .

215 405 269 481 cis
294 403 421 506 nigris.
474 402 676 484 Ataomen
710 405 911 510 segmentis
943 411 1061 486 a-t
1086 409 1272 498 testaceis,

213 537 240 605 2
268 526 348 600 basi
375 525 490 627 nigra.
517 569 570 586 -
602 525 758 603 Caetera
787 541 829 602 ut
852 523 894 601 iu
920 525 1061 628 speciei
1088 528 1274 630 genuinae

215 645 418 721 individuis
445 644 630 746 plurimis.

290 765 395 840 Hanc
406 763 585 840 seminam
598 765 696 867 cepi,
722 764 784 840 die
796 773 848 844 22
861 763 1101 865 Septembris,
1125 764 1166 841 in
1180 766 1274 870 pino

134 963 141 975 ,
215 884 408 987 sylvestri,
436 909 556 988 prope
569 885 797 987 Trojectum
812 881 866 963 ad
881 886 924 964 V
922 883 1088 964 iodrum.

292 1129 327 1203 4.
354 1122 581 1202 Femoribus
594 1129 724 1224 nigris,
747 1125 1005 1202 anterioribus
1018 1131 1128 1228 apice
1136 1121 1273 1218 floris.

214 1243 307 1320 m.f.
334 1287 388 1304 -
412 1245 633 1344 longitudo
655 1244 766 1320 maris
782 1251 823 1335 4,
850 1244 1275 1322 feminaet-olinea-

215 1393 310 1442 rum.
348 1368 478 1466 Caput
493 1363 618 1467 palpis
631 1363 757 1454 fuscis,
777 1363 1005 1440 mandibulis
1018 1364 1166 1439 macula
1178 1364 1275 1438 flava

214 1501 280 1562 aut
292 1484 518 1588 ferruginea.
571 1484 693 1562 Pedes
712 1484 816 1560 coxis
836 1500 877 1561 et
897 1483 1198 1560 trochanteribus
1214 1483 1277 1558 ni-

215 1607 301 1708 gris,
329 1603 462 1679 anticis
476 1603 665 1681 interdurn
677 1603 807 1679 subtus
822 1621 965 1708 puncto
979 1606 1093 1693 flav03
1118 1603 1277 1681 femori-

213 1726 285 1801 bus
304 1724 438 1799 anticis
458 1725 520 1801 vel
540 1725 646 1800 flavis
668 1723 750 1798 basi
769 1723 891 1826 nigra,
918 1726 979 1803 vel
1004 1724 1137 1827 nigris,
1165 1723 1276 1825 apice

215 1861 281 1920 aut
294 1844 412 1919 latere
428 1844 551 1920 infero
566 1859 650 1921 toto
664 1842 787 1933 flavis,
814 1845 947 1921 mediis
961 1844 1077 1948 nigris
1095 1843 1275 1947 geniculo

214 1967 330 2055 flavo,
357 1964 514 2066 posticis
540 1964 633 2040 totis
660 1961 793 2066 nigris;
825 1963 931 2040 tibiis
955 1967 1079 2055 flavis,
1112 1963 1274 2067 posticis

213 2083 307 2158 mari
333 2109 479 2158 summo
505 2081 613 2187 apice
635 2081 762 2173 lusco;
788 2082 897 2159 tarsis
924 2085 1058 2160 anticis
1083 2084 1273 2174 testaceis,

212 2203 346 2280 mediis
360 2202 488 2293 luscis,
509 2202 666 2305 posticis
681 2201 795 2278 fuscis
809 2218 874 2279 aut
887 2203 1015 2306 nigris.
1069 2203 1276 2282 Abdomen

154 2363 160 2370 ¹
214 2331 336 2401 moris
359 2338 551 2426 segmento
577 2333 603 2402 2
630 2338 779 2413 ventre,
807 2333 948 2414 Moto,
977 2323 1120 2428 4basi,
1147 2324 1274 2414 flavis;

211 2443 374 2520 feminae
390 2459 583 2546 segmento
598 2453 624 2523 2
638 2443 744 2545 apice
758 2459 798 2519 et
810 2459 958 2535 ventre,
987 2454 1124 2534 3toto,
1151 2445 1272 2536 flavis,

212 2570 237 2642 4
256 2565 370 2654 lianc,
397 2563 504 2666 apice
523 2589 589 2638 seu
613 2563 729 2638 fascia
754 2580 909 2665 angusta
930 2565 1126 2665 marginali
1147 2564 1270 2666 nigro.

210 2725 264 2742 -·
295 2683 452 2758 Caetera
480 2681 622 2787 speciei
649 2683 834 2786 genuinae
866 2683 1070 2761 individuis
1094 2684 1272 2787 plurimis

210 2803 451 2907 respondent.

285 2923 430 3000 Marem
452 2921 622 3010 unicum,
650 2949 813 3028 eumque
831 2921 1076 3014 helveticum,
1101 2924 1181 3000 vidi
1199 2925 1274 3002 Be-

209 3041 337 3133 rolini,
357 3043 397 3118 in
409 3068 541 3118 museo
553 3045 697 3144 Klugii.
725 3043 920 3119 Feminam
936 3044 1032 3145 cepi,
1048 3070 1134 3118 curn
1148 3045 1272 3120 varie-

162 3241 168 3252 ,
208 3173 287 3236 tate
303 3172 343 3251 3,
370 3187 490 3264 prope
506 3166 730 3266 Trojectum
746 3163 801 3241 od
820 3165 862 3240 V
860 3163 1013 3241 iodrum
1023 3193 1037 3249 ;
1062 3165 1271 3242 nonnullae

211 3281 316 3371 aliae,
344 3282 444 3356 circa
465 3285 507 3361 V
505 3287 761 3373 ναίὶεἰανίαηι,
785 3282 1047 3361 Wormbrunn
1061 3300 1100 3360 et
1114 3283 1270 3363 Aboom

208 3400 348 3491 lectae,
374 3429 523 3480 mecum
537 3403 835 3480 communicatae
851 3418 950 3479 sunt.

598 3710 876 3812 Synonyma:

206 3874 312 3952 Icta.
335 3883 483 3954 minetur
502 3877 651 3953 Pollich
673 3879 714 3955 in
733 3879 829 3955 Nov.
855 3881 936 3956 Act.
958 3879 1043 3954 Nat.
1069 3879 1157 3955 Cur.
1179 3881 1267 3974 VII,

326 4089 332 4096 ‚
415 4023 453 4101 p.
472 4003 561 4089 140,
589 4013 630 4078 et
646 4000 685 4075 in
698 3999 864 4076 cherlr.
876 3999 915 4097 ,d-
933 3997 1154 4103 Kuhrplalz.
1170 3999 1264 4079 Ges.
1373 3987 1374 4004 ¹
