2806 4632
318 245 418 298 rau.
448 231 496 310 ΙΙ,
527 247 641 299 seor.
672 252 711 301 u.
743 249 999 302 uissouora.
1148 239 1195 314 61

130 405 263 512 gineis.
306 409 474 498 Thorax
485 410 586 490 linea
601 413 697 490 infra
714 415 928 504 scutellum,
951 417 1097 495 marulo
1111 435 1198 500 aute

128 532 226 621 alas,
255 547 477 635 punctoque
499 533 656 622 dorsali,
688 535 958 638 utplurimum
985 539 1098 616 etiam
1120 567 1198 616 ma-

127 653 217 727 cula
239 651 392 730 cordata
415 678 483 732 seu
502 651 604 731 linea
623 666 850 744 transversa,
879 657 1118 738 distinctiorc
1133 674 1199 736 aut

127 771 383 860 obsoletiore,
425 789 512 851 anta
553 773 758 874 petiolum,
800 793 943 878 puncto
976 778 1072 859 infra
1106 781 1197 872 alas,
1249 822 1263 831 -

126 894 328 995 alteroque
349 892 517 986 laterali,
544 919 610 970 seu
632 892 731 970 linea
756 897 1080 1000 perpendiculari,
1108 925 1197 1002 pro-

127 1012 316 1104 thoraeis,
344 1015 465 1090 rarius
489 1038 641 1117 quoque
667 1029 811 1116 puncto
839 1017 987 1095 laterali
1009 1020 1197 1098 metathe-

125 1133 245 1222 racis‚
272 1133 393 1213 flavis.
446 1135 661 1215 Seutallurn
680 1135 829 1215 ssavum.
882 1140 989 1216 Alae
1007 1136 1196 1240 hyaliuae‚

125 1253 278 1330 macula
293 1254 431 1356 spiculi
443 1251 724 1355 tusoohyalinu
750 1255 925 1358 stigmate
945 1273 985 1334 et
998 1259 1104 1335 radio
1119 1259 1199 1336 ius-

125 1375 206 1465 eis,
231 1373 360 1455 radice
375 1389 414 1450 et
428 1374 624 1478 squamula
638 1374 756 1465 flavis,
783 1374 854 1457 hee
870 1377 1058 1472 rarissime
1073 1379 1198 1471 fuson

124 1495 260 1572 areola
283 1492 518 1596 subreguleri
547 1494 891 1598 louge-petiolata.
944 1499 1067 1581 Pedes
1091 1501 1197 1578 souis

123 1615 268 1718 nigris,
295 1615 430 1693 enticis
443 1613 608 1693 feminae
629 1615 761 1695 subtus
783 1615 844 1695 vel
866 1615 972 1695 flavis
984 1619 1055 1699 ,vel
1072 1621 1198 1698 sordi·

124 1735 416 1826 destraruineis,
441 1733 694 1824 anterioribus
713 1734 826 1817 maris
840 1735 1199 1840 flavisnigromacu.
1314 1723 1324 1756 ³

125 1857 237 1944 latis3
265 1853 568 1930 trocbanteribus
585 1853 712 1956 nigris,
740 1853 905 1931 feminae
917 1858 1054 1934 enticis
1065 1861 1199 1938 subtus

127 1976 260 2067 flavis,
288 1974 423 2052 mediis
446 1975 577 2051 subtus
596 1972 823 2077 ferrugineis
845 1974 1057 2069 suffossis,
1084 1981 1198 2058 maris

128 2098 270 2174 antiois
291 2110 357 2172 aut
377 2094 628 2176 anterioribus
650 2094 742 2170 totis
762 2095 886 2185 flavis3
912 2096 1120 2175 femoribus
1141 2099 1199 2177 fe·

127 2220 259 2294 minae
293 2215 513 2306 rusofulvis,
554 2214 665 2290 maris
699 2215 913 2294 flavofulvis
946 2219 1198 2298 anterioribus

128 2338 269 2416 subtus
296 2337 401 2414 flavis
432 2335 590 2440 posticis
611 2360 880 2440 nonnunquam
900 2338 1028 2416 medio
1049 2340 1199 2418 subfus-

129 2455 377 2536 cescentibus
391 2473 456 2532 aut
471 2479 614 2532 summa
627 2455 708 2531 basi
723 2457 858 2558 nigris3
884 2457 992 2533 tibiis
1005 2458 1119 2535 fulvis
1134 2477 1200 2538 aut

128 2577 349 2668 rusofulvis,
370 2576 528 2680 posticis
541 2577 649 2680 apice
663 2575 886 2654 obscuriore¹
898 2591 965 2653 aut
976 2579 1198 2681 nigricante,

127 2699 228 2776 mari
250 2697 503 2774 anterioribus
523 2697 614 2772 totis
622 2753 632 2788 ‚
660 2712 725 2774 aut
747 2697 879 2773 saltem
900 2697 1050 2790 subtus,
1075 2702 1200 2793 flavis3

129 2819 246 2896 tarsis
264 2817 516 2895 anterioribus
535 2815 979 2911 sordiderusescentibus,
1006 2820 1100 2916 nrari
1117 2822 1200 2922 ple·

128 2963 297 3042 rumque
310 2937 434 3030 flavis,
462 2937 622 3042 posticis
634 2937 767 3028 fuscis,
796 2939 959 3019 articulo
976 2940 1089 3020 lbasi
1104 2942 1200 3016 flava

129 3078 200 3139 aut
224 3075 405 3138 testacea.
456 3055 660 3154 Abdomen
686 3076 879 3164 segmento
906 3067 927 3140 1
956 3067 1076 3136 maris
1103 3085 1200 3136 mar-

130 3182 223 3284 gine
236 3195 277 3256 et
288 3179 387 3268 basi,
415 3177 477 3256 vel
495 3180 654 3256 maculis
669 3179 869 3283 punctisve
882 3176 1032 3255 duobus
1043 3178 1197 3272 baseos,

130 3302 260 3391 flavis,
276 3302 454 3404 feminae
470 3299 590 3386 rarius
612 3315 697 3376 toto
717 3299 825 3402 nigro
844 3313 911 3374 aut
925 3297 1023 3376 sieut
1042 3297 1082 3377 iu
1096 3327 1200 3380 mare

130 3423 257 3526 picto,
285 3421 512 3524 plerumque
526 3420 694 3522 margine
716 3421 798 3496 solo
812 3421 911 3502 flavo
925 3433 991 3494 aut
1004 3436 1198 3511 eastane03

132 3553 161 3624 2
187 3559 228 3618 et
252 3552 278 3624 3
304 3541 472 3643 margine
503 3541 620 3634 flavo,
654 3541 817 3618 feminae
849 3539 1039 3620 interdum
1071 3541 1197 3633 badio,

135 3661 338 3742 staminas
351 3661 472 3738 rarius
486 3662 704 3765 totouigro.
735 3663 908 3740 Aculeus
920 3660 984 3738 vix
998 3660 1199 3738 abdomine

133 3783 253 3887 paulo
266 3782 428 3884 longior.

212 3903 339 3980 Mares
353 3917 393 3978 et
403 3901 566 3980 feminae
580 3927 628 3978 ex
642 3905 809 3978 Etruria
824 3903 867 3982 V
864 3901 1024 4006 olbynia
1041 3914 1079 3976 et
1094 3903 1199 3978 Tou·

137 4031 200 4108 ria
213 4021 310 4098 mihi
324 4021 430 4100 missi
445 4035 550 4114 sunt;
565 4020 745 4126 quasdam
757 4019 915 4100 feminas
929 4020 1043 4104 etiam
1057 4023 1197 4125 accepi,
