<?xml version="1.0" encoding="UTF-8"?>
<!DOCTYPE html PUBLIC "-//W3C//DTD XHTML 1.0 Transitional//EN"
    "http://www.w3.org/TR/xhtml1/DTD/xhtml1-transitional.dtd">
<html xmlns="http://www.w3.org/1999/xhtml" xml:lang="en" lang="en">
 <head>
  <title>
</title>
<meta http-equiv="Content-Type" content="text/html;charset=utf-8" />
  <meta name='ocr-system' content='tesseract 3.04.00' />
  <meta name='ocr-capabilities' content='ocr_page ocr_carea ocr_par ocr_line ocrx_word'/>
</head>
<body>
  <div class='ocr_page' id='page_1' title='image "./ichneumonologia00cgrgoog_0210.png"; bbox 0 0 2724 4630; ppageno 0'>
   <div class='ocr_carea' id='block_1_1' title="bbox 400 215 1145 333">
    <p class='ocr_par' dir='ltr' id='par_1_1' title="bbox 400 215 1145 333">
     <span class='ocr_line' id='line_1_1' title="bbox 400 215 1145 333; baseline 0.004 -13"><span class='ocrx_word' id='word_1_1' title='bbox 400 267 499 320; x_wconf 77' lang='lat' dir='ltr'><strong>rsus.</strong></span> <span class='ocrx_word' id='word_1_2' title='bbox 529 253 592 333; x_wconf 87' lang='lat' dir='ltr'><strong>Vl,</strong></span> <span class='ocrx_word' id='word_1_3' title='bbox 628 215 745 320; x_wconf 74' lang='lat' dir='ltr'><strong>secr.</strong></span> <span class='ocrx_word' id='word_1_4' title='bbox 776 269 823 319; x_wconf 87' lang='lat' dir='ltr'><strong>vr.</strong></span> <span class='ocrx_word' id='word_1_5' title='bbox 1067 253 1145 324; x_wconf 76' lang='lat' dir='ltr'><strong>tto</strong></span> 
     </span>
    </p>
   </div>
   <div class='ocr_carea' id='block_1_2' title="bbox 465 430 755 510">
    <p class='ocr_par' dir='ltr' id='par_1_2' title="bbox 465 430 755 510">
     <span class='ocr_line' id='line_1_2' title="bbox 465 430 755 510; baseline -0.014 0"><span class='ocrx_word' id='word_1_6' title='bbox 465 430 755 510; x_wconf 80' lang='lat' dir='ltr'><strong>Varietates:</strong></span> 
     </span>
    </p>
   </div>
   <div class='ocr_carea' id='block_1_3' title="bbox 68 567 1145 1490">
    <p class='ocr_par' dir='ltr' id='par_1_3' title="bbox 68 567 1144 1153">
     <span class='ocr_line' id='line_1_3' title="bbox 148 567 1144 669; baseline 0 -23"><span class='ocrx_word' id='word_1_7' title='bbox 148 577 185 646; x_wconf 86' lang='lat'><strong>1.</strong></span> <span class='ocrx_word' id='word_1_8' title='bbox 218 567 549 648; x_wconf 75' lang='lat' dir='ltr'><strong>Tractanterttas</strong></span> <span class='ocrx_word' id='word_1_9' title='bbox 564 575 658 648; x_wconf 80' lang='lat' dir='ltr'><strong>lotis</strong></span> <span class='ocrx_word' id='word_1_10' title='bbox 673 567 782 669; x_wconf 80' lang='lat' dir='ltr'><strong>rufis.</strong></span> <span class='ocrx_word' id='word_1_11' title='bbox 806 567 832 644; x_wconf 79' lang='lat' dir='ltr'><strong>l.</strong></span> <span class='ocrx_word' id='word_1_12' title='bbox 852 609 906 629; x_wconf 83' lang='lat'><strong>-·</strong></span> <span class='ocrx_word' id='word_1_13' title='bbox 921 567 1144 668; x_wconf 71' lang='lat' dir='ltr'><em>longitudo</em></span> 
     </span>
     <span class='ocr_line' id='line_1_4' title="bbox 71 686 1143 791; baseline -0.002 -25"><span class='ocrx_word' id='word_1_14' title='bbox 71 686 234 788; x_wconf 70' lang='lat'><strong>3-37,</strong></span> <span class='ocrx_word' id='word_1_15' title='bbox 260 687 460 766; x_wconf 66' lang='lat' dir='ltr'><strong>linearum.</strong></span> <span class='ocrx_word' id='word_1_16' title='bbox 513 691 618 768; x_wconf 85' lang='lat' dir='ltr'><strong>Aloe</strong></span> <span class='ocrx_word' id='word_1_17' title='bbox 645 690 819 791; x_wconf 79' lang='lat' dir='ltr'><strong>stigmate</strong></span> <span class='ocrx_word' id='word_1_18' title='bbox 839 703 879 766; x_wconf 88' lang='lat' dir='ltr'><strong>et</strong></span> <span class='ocrx_word' id='word_1_19' title='bbox 897 688 1003 766; x_wconf 85' lang='lat' dir='ltr'><strong>radio</strong></span> <span class='ocrx_word' id='word_1_20' title='bbox 1022 687 1143 790; x_wconf 77' lang='lat' dir='ltr'><strong>piceis</strong></span> 
     </span>
     <span class='ocr_line' id='line_1_5' title="bbox 71 807 1144 910; baseline 0.007 -28"><span class='ocrx_word' id='word_1_21' title='bbox 71 823 133 882; x_wconf 83' lang='lat' dir='ltr'><strong>aut</strong></span> <span class='ocrx_word' id='word_1_22' title='bbox 167 807 305 884; x_wconf 86' lang='lat' dir='ltr'><strong>fuscis.</strong></span> <span class='ocrx_word' id='word_1_23' title='bbox 358 807 561 888; x_wconf 80' lang='lat' dir='ltr'><strong>Abdomen</strong></span> <span class='ocrx_word' id='word_1_24' title='bbox 592 809 749 906; x_wconf 78' lang='lat' dir='ltr'>thorace</span> <span class='ocrx_word' id='word_1_25' title='bbox 779 809 899 910; x_wconf 88' lang='lat' dir='ltr'><strong>duplo</strong></span> <span class='ocrx_word' id='word_1_26' title='bbox 927 809 1079 909; x_wconf 82' lang='lat' dir='ltr'><strong>longius</strong></span> <span class='ocrx_word' id='word_1_27' title='bbox 1104 823 1144 889; x_wconf 78' lang='lat' dir='ltr'><strong>et</strong></span> 
     </span>
     <span class='ocr_line' id='line_1_6' title="bbox 70 919 1144 1031; baseline 0.003 -29"><span class='ocrx_word' id='word_1_28' title='bbox 70 931 189 1030; x_wconf 87' lang='lat' dir='ltr'><strong>paulo</strong></span> <span class='ocrx_word' id='word_1_29' title='bbox 216 928 346 1004; x_wconf 74' lang='lat' dir='ltr'><strong>latius.</strong></span> <span class='ocrx_word' id='word_1_30' title='bbox 397 919 571 1008; x_wconf 70' lang='lat' dir='ltr'><strong>Aculeus</strong></span> <span class='ocrx_word' id='word_1_31' title='bbox 597 931 661 1006; x_wconf 82' lang='lat' dir='ltr'><strong>vix</strong></span> <span class='ocrx_word' id='word_1_32' title='bbox 688 929 887 1006; x_wconf 77' lang='lat' dir='ltr'><strong>abdomine</strong></span> <span class='ocrx_word' id='word_1_33' title='bbox 913 930 1030 1031; x_wconf 85' lang='lat' dir='ltr'><strong>paulo</strong></span> <span class='ocrx_word' id='word_1_34' title='bbox 1057 929 1144 1005; x_wconf 61' lang='lat' dir='ltr'><strong>,lon-</strong></span> 
     </span>
     <span class='ocr_line' id='line_1_7' title="bbox 68 1048 1140 1153; baseline 0 -29"><span class='ocrx_word' id='word_1_35' title='bbox 68 1050 165 1150; x_wconf 87' lang='lat' dir='ltr'><strong>gior.</strong></span> <span class='ocrx_word' id='word_1_36' title='bbox 196 1093 255 1106; x_wconf 92' lang='lat'><em>-</em></span> <span class='ocrx_word' id='word_1_37' title='bbox 280 1049 440 1126; x_wconf 78' lang='lat' dir='ltr'><strong>Caetera</strong></span> <span class='ocrx_word' id='word_1_38' title='bbox 458 1065 501 1126; x_wconf 89' lang='lat' dir='ltr'><strong>ut</strong></span> <span class='ocrx_word' id='word_1_39' title='bbox 520 1049 561 1124; x_wconf 91' lang='lat' dir='ltr'><strong>in</strong></span> <span class='ocrx_word' id='word_1_40' title='bbox 579 1049 754 1153; x_wconf 80' lang='lat' dir='ltr'>plurimis</span> <span class='ocrx_word' id='word_1_41' title='bbox 783 1048 933 1130; x_wconf 84' lang='lat' dir='ltr'><strong>leminis</strong></span> <span class='ocrx_word' id='word_1_42' title='bbox 955 1049 1140 1150; x_wconf 84' lang='lat' dir='ltr'><strong>genuinis.</strong></span> 
     </span>
    </p>

    <p class='ocr_par' dir='ltr' id='par_1_4' title="bbox 68 1168 1145 1490">
     <span class='ocr_line' id='line_1_8' title="bbox 144 1168 1145 1272; baseline 0.003 -27"><span class='ocrx_word' id='word_1_43' title='bbox 144 1171 275 1245; x_wconf 85' lang='lat' dir='ltr'><strong>Unam</strong></span> <span class='ocrx_word' id='word_1_44' title='bbox 301 1169 481 1247; x_wconf 80' lang='lat' dir='ltr'><strong>seminam</strong></span> <span class='ocrx_word' id='word_1_45' title='bbox 508 1169 597 1271; x_wconf 89' lang='lat' dir='ltr'><strong>eepi</strong></span> <span class='ocrx_word' id='word_1_46' title='bbox 615 1168 678 1247; x_wconf 81' lang='lat' dir='ltr'><strong>oie</strong></span> <span class='ocrx_word' id='word_1_47' title='bbox 695 1179 748 1250; x_wconf 68' lang='lat'><strong>26</strong></span> <span class='ocrx_word' id='word_1_48' title='bbox 769 1169 999 1272; x_wconf 78' lang='lat' dir='ltr'><strong>Septembris</strong></span> <span class='ocrx_word' id='word_1_49' title='bbox 1024 1193 1145 1270; x_wconf 81' lang='lat' dir='ltr'>prope</span> 
     </span>
     <span class='ocr_line' id='line_1_9' title="bbox 70 1288 1144 1396; baseline 0 -32"><span class='ocrx_word' id='word_1_50' title='bbox 70 1293 307 1396; x_wconf 80' lang='lat' dir='ltr'><strong>Trnjectum</strong></span> <span class='ocrx_word' id='word_1_51' title='bbox 322 1289 377 1367; x_wconf 87' lang='lat' dir='ltr'><strong>od</strong></span> <span class='ocrx_word' id='word_1_52' title='bbox 393 1291 435 1368; x_wconf 91' lang='lat' dir='ltr'><em>V</em></span> <span class='ocrx_word' id='word_1_53' title='bbox 433 1290 588 1368; x_wconf 82' lang='lat' dir='ltr'><strong>iodrum</strong></span> <span class='ocrx_word' id='word_1_54' title='bbox 602 1289 643 1365; x_wconf 87' lang='lat' dir='ltr'><strong>in</strong></span> <span class='ocrx_word' id='word_1_55' title='bbox 656 1289 750 1368; x_wconf 87' lang='lat' dir='ltr'><strong>Pino</strong></span> <span class='ocrx_word' id='word_1_56' title='bbox 766 1289 959 1393; x_wconf 78' lang='lat' dir='ltr'><strong>sylvestri,</strong></span> <span class='ocrx_word' id='word_1_57' title='bbox 988 1288 1144 1368; x_wconf 85' lang='lat' dir='ltr'><strong>alteram</strong></span> 
     </span>
     <span class='ocr_line' id='line_1_10' title="bbox 68 1409 498 1490; baseline 0.009 -8"><span class='ocrx_word' id='word_1_58' title='bbox 68 1409 172 1485; x_wconf 87' lang='lat' dir='ltr'><strong>circa</strong></span> <span class='ocrx_word' id='word_1_59' title='bbox 201 1411 245 1488; x_wconf 84' lang='lat' dir='ltr'><em>V</em></span> <span class='ocrx_word' id='word_1_60' title='bbox 242 1411 498 1490; x_wconf 83' lang='lat' dir='ltr'><strong>ratisluvium.</strong></span> 
     </span>
    </p>
   </div>
   <div class='ocr_carea' id='block_1_4' title="bbox 68 1701 1148 2648">
    <p class='ocr_par' dir='ltr' id='par_1_5' title="bbox 68 1701 1148 2408">
     <span class='ocr_line' id='line_1_11' title="bbox 142 1701 1144 1808; baseline -0.004 -24"><span class='ocrx_word' id='word_1_61' title='bbox 142 1713 185 1784; x_wconf 76' lang='lat'><strong>2.</strong></span> <span class='ocrx_word' id='word_1_62' title='bbox 216 1701 341 1782; x_wconf 78' lang='lat' dir='ltr'><strong>Tibris</strong></span> <span class='ocrx_word' id='word_1_63' title='bbox 352 1707 514 1808; x_wconf 86' lang='lat' dir='ltr'><strong>posticis</strong></span> <span class='ocrx_word' id='word_1_64' title='bbox 525 1710 620 1783; x_wconf 83' lang='lat' dir='ltr'><strong>totis</strong></span> <span class='ocrx_word' id='word_1_65' title='bbox 636 1701 745 1804; x_wconf 83' lang='lat' dir='ltr'><strong>rufis.</strong></span> <span class='ocrx_word' id='word_1_66' title='bbox 765 1731 816 1780; x_wconf 90' lang='lat' dir='ltr'><strong>m.</strong></span> <span class='ocrx_word' id='word_1_67' title='bbox 843 1745 896 1762; x_wconf 91' lang='lat'>-</span> <span class='ocrx_word' id='word_1_68' title='bbox 922 1701 1144 1806; x_wconf 75' lang='lat' dir='ltr'><strong>longitudo</strong></span> 
     </span>
     <span class='ocr_line' id='line_1_12' title="bbox 68 1822 1144 1924; baseline -0.002 -24"><span class='ocrx_word' id='word_1_69' title='bbox 68 1824 236 1917; x_wconf 69' lang='lat'><strong><em>372-4</em></strong></span> <span class='ocrx_word' id='word_1_70' title='bbox 255 1823 455 1899; x_wconf 84' lang='lat' dir='ltr'><strong>linearum.</strong></span> <span class='ocrx_word' id='word_1_71' title='bbox 512 1827 613 1901; x_wconf 80' lang='lat' dir='ltr'><strong>Aloe</strong></span> <span class='ocrx_word' id='word_1_72' title='bbox 630 1824 737 1902; x_wconf 88' lang='lat' dir='ltr'><strong>radio</strong></span> <span class='ocrx_word' id='word_1_73' title='bbox 756 1840 798 1900; x_wconf 86' lang='lat' dir='ltr'><strong>et</strong></span> <span class='ocrx_word' id='word_1_74' title='bbox 817 1822 993 1924; x_wconf 78' lang='lat' dir='ltr'><strong>stigmate</strong></span> <span class='ocrx_word' id='word_1_75' title='bbox 1015 1824 1144 1912; x_wconf 83' lang='lat' dir='ltr'><strong>luscis,</strong></span> 
     </span>
     <span class='ocr_line' id='line_1_13' title="bbox 68 1939 1146 2046; baseline 0.002 -31"><span class='ocrx_word' id='word_1_76' title='bbox 68 1939 305 2046; x_wconf 85' lang='lat' dir='ltr'><strong>hoopuneto</strong></span> <span class='ocrx_word' id='word_1_77' title='bbox 320 1941 419 2019; x_wconf 83' lang='lat' dir='ltr'><strong>albo.</strong></span> <span class='ocrx_word' id='word_1_78' title='bbox 474 1941 597 2022; x_wconf 81' lang='lat' dir='ltr'><strong>Pedes</strong></span> <span class='ocrx_word' id='word_1_79' title='bbox 609 1942 715 2019; x_wconf 89' lang='lat' dir='ltr'><strong>tibiis</strong></span> <span class='ocrx_word' id='word_1_80' title='bbox 738 1942 818 2018; x_wconf 86' lang='lat' dir='ltr'><strong>basi</strong></span> <span class='ocrx_word' id='word_1_81' title='bbox 838 1942 996 2045; x_wconf 83' lang='lat' dir='ltr'><strong>pallida,</strong></span> <span class='ocrx_word' id='word_1_82' title='bbox 1024 1943 1146 2046; x_wconf 85' lang='lat' dir='ltr'><strong>posti-</strong></span> 
     </span>
     <span class='ocr_line' id='line_1_14' title="bbox 70 2061 1144 2165; baseline 0.006 -33"><span class='ocrx_word' id='word_1_83' title='bbox 70 2061 122 2135; x_wconf 89' lang='lat' dir='ltr'><strong>cis</strong></span> <span class='ocrx_word' id='word_1_84' title='bbox 145 2063 341 2139; x_wconf 84' lang='lat' dir='ltr'><strong>interdum</strong></span> <span class='ocrx_word' id='word_1_85' title='bbox 368 2061 478 2165; x_wconf 83' lang='lat' dir='ltr'><strong>apice</strong></span> <span class='ocrx_word' id='word_1_86' title='bbox 501 2063 826 2154; x_wconf 87' lang='lat' dir='ltr'><strong>subluscescente,</strong></span> <span class='ocrx_word' id='word_1_87' title='bbox 854 2061 964 2138; x_wconf 87' lang='lat' dir='ltr'><strong>tarsis</strong></span> <span class='ocrx_word' id='word_1_88' title='bbox 986 2063 1144 2165; x_wconf 88' lang='lat' dir='ltr'><strong>posticis</strong></span> 
     </span>
     <span class='ocr_line' id='line_1_15' title="bbox 73 2177 1148 2286; baseline 0.004 -32"><span class='ocrx_word' id='word_1_89' title='bbox 73 2181 247 2280; x_wconf 85' lang='lat' dir='ltr'><strong>pallidis,</strong></span> <span class='ocrx_word' id='word_1_90' title='bbox 275 2181 384 2286; x_wconf 84' lang='lat' dir='ltr'><strong>apice</strong></span> <span class='ocrx_word' id='word_1_91' title='bbox 398 2177 645 2260; x_wconf 79' lang='lat' dir='ltr'><strong>articulorum</strong></span> <span class='ocrx_word' id='word_1_92' title='bbox 661 2207 808 2259; x_wconf 89' lang='lat' dir='ltr'><strong>summo</strong></span> <span class='ocrx_word' id='word_1_93' title='bbox 824 2181 944 2260; x_wconf 82' lang='lat' dir='ltr'><strong>fusco.</strong></span> <span class='ocrx_word' id='word_1_94' title='bbox 971 2225 1025 2244; x_wconf 88' lang='lat'><strong>--</strong></span> <span class='ocrx_word' id='word_1_95' title='bbox 1051 2183 1148 2258; x_wconf 86' lang='lat' dir='ltr'><strong>Cae-</strong></span> 
     </span>
     <span class='ocr_line' id='line_1_16' title="bbox 74 2302 884 2408; baseline 0.009 -34"><span class='ocrx_word' id='word_1_96' title='bbox 74 2313 150 2378; x_wconf 85' lang='lat' dir='ltr'><strong>tera</strong></span> <span class='ocrx_word' id='word_1_97' title='bbox 166 2329 256 2379; x_wconf 87' lang='lat' dir='ltr'><strong>cum</strong></span> <span class='ocrx_word' id='word_1_98' title='bbox 267 2303 434 2380; x_wconf 87' lang='lat' dir='ltr'><strong>maribus</strong></span> <span class='ocrx_word' id='word_1_99' title='bbox 450 2304 623 2408; x_wconf 84' lang='lat' dir='ltr'><strong>genuinis</strong></span> <span class='ocrx_word' id='word_1_100' title='bbox 640 2302 884 2381; x_wconf 87' lang='lat' dir='ltr'><strong>conveniunt.</strong></span> 
     </span>
    </p>

    <p class='ocr_par' dir='ltr' id='par_1_6' title="bbox 74 2421 1144 2648">
     <span class='ocr_line' id='line_1_17' title="bbox 144 2421 1144 2530; baseline 0.002 -33"><span class='ocrx_word' id='word_1_101' title='bbox 144 2427 240 2498; x_wconf 91' lang='lat' dir='ltr'><strong>Duo</strong></span> <span class='ocrx_word' id='word_1_102' title='bbox 260 2421 472 2515; x_wconf 88' lang='lat' dir='ltr'><strong>individua,</strong></span> <span class='ocrx_word' id='word_1_103' title='bbox 501 2426 600 2502; x_wconf 87' lang='lat' dir='ltr'><strong>circa</strong></span> <span class='ocrx_word' id='word_1_104' title='bbox 615 2423 789 2502; x_wconf 85' lang='lat' dir='ltr'><strong>Genuam</strong></span> <span class='ocrx_word' id='word_1_105' title='bbox 804 2438 843 2500; x_wconf 88' lang='lat' dir='ltr'><strong>et</strong></span> <span class='ocrx_word' id='word_1_106' title='bbox 856 2423 1144 2530; x_wconf 85' lang='lat' dir='ltr'><strong>Monspessulo·</strong></span> 
     </span>
     <span class='ocr_line' id='line_1_18' title="bbox 74 2547 887 2648; baseline 0.002 -32"><span class='ocrx_word' id='word_1_107' title='bbox 74 2567 161 2620; x_wconf 86' lang='lat' dir='ltr'><strong>num</strong></span> <span class='ocrx_word' id='word_1_108' title='bbox 178 2559 307 2648; x_wconf 88' lang='lat' dir='ltr'><strong>capta,</strong></span> <span class='ocrx_word' id='word_1_109' title='bbox 332 2571 482 2622; x_wconf 89' lang='lat' dir='ltr'><strong>mecum</strong></span> <span class='ocrx_word' id='word_1_110' title='bbox 497 2547 773 2628; x_wconf 82' lang='lat' dir='ltr'><strong>communicata</strong></span> <span class='ocrx_word' id='word_1_111' title='bbox 787 2557 887 2625; x_wconf 79' lang='lat' dir='ltr'><strong>sunt.</strong></span> 
     </span>
    </p>
   </div>
   <div class='ocr_carea' id='block_1_5' title="bbox 74 2836 1146 4116">
    <p class='ocr_par' dir='ltr' id='par_1_7' title="bbox 74 2836 1146 3904">
     <span class='ocr_line' id='line_1_19' title="bbox 146 2836 1146 2946; baseline -0.001 -29"><span class='ocrx_word' id='word_1_112' title='bbox 146 2849 184 2918; x_wconf 78' lang='lat'><strong>3.</strong></span> <span class='ocrx_word' id='word_1_113' title='bbox 220 2838 346 2920; x_wconf 77' lang='lat' dir='ltr'><strong>Tibris</strong></span> <span class='ocrx_word' id='word_1_114' title='bbox 369 2846 531 2946; x_wconf 77' lang='lat' dir='ltr'><strong>posticis</strong></span> <span class='ocrx_word' id='word_1_115' title='bbox 552 2845 680 2942; x_wconf 75' lang='lat' dir='ltr'><strong>nigris</strong></span> <span class='ocrx_word' id='word_1_116' title='bbox 704 2841 849 2921; x_wconf 79' lang='lat' dir='ltr'><strong>annulo</strong></span> <span class='ocrx_word' id='word_1_117' title='bbox 875 2836 976 2916; x_wconf 82' lang='lat' dir='ltr'><strong>atho.</strong></span> <span class='ocrx_word' id='word_1_118' title='bbox 1010 2864 1061 2917; x_wconf 83' lang='lat' dir='ltr'><strong>m.</strong></span> <span class='ocrx_word' id='word_1_119' title='bbox 1094 2877 1146 2894; x_wconf 88' lang='lat'>-</span> 
     </span>
     <span class='ocr_line' id='line_1_20' title="bbox 74 2957 1146 3070; baseline 0 -38"><span class='ocrx_word' id='word_1_120' title='bbox 74 2957 227 3036; x_wconf 81' lang='lat' dir='ltr'><strong>Amare</strong></span> <span class='ocrx_word' id='word_1_121' title='bbox 247 2961 426 3070; x_wconf 74' lang='lat' dir='ltr'><strong>Pimplea</strong></span> <span class='ocrx_word' id='word_1_122' title='bbox 440 2967 742 3050; x_wconf 78' lang='lat' dir='ltr'><strong>examinatoris,</strong></span> <span class='ocrx_word' id='word_1_123' title='bbox 769 2989 807 3036; x_wconf 91' lang='lat' dir='ltr'><strong>n.</strong></span> <span class='ocrx_word' id='word_1_124' title='bbox 824 2969 892 3050; x_wconf 82' lang='lat'><strong>99,</strong></span> <span class='ocrx_word' id='word_1_125' title='bbox 920 2957 982 3038; x_wconf 89' lang='lat' dir='ltr'><strong>cui</strong></span> <span class='ocrx_word' id='word_1_126' title='bbox 996 2957 1146 3059; x_wconf 84' lang='lat' dir='ltr'><strong>pictura</strong></span> 
     </span>
     <span class='ocr_line' id='line_1_21' title="bbox 75 3076 1146 3172; baseline 0 -23"><span class='ocrx_word' id='word_1_127' title='bbox 75 3076 196 3154; x_wconf 79' lang='lat' dir='ltr'><strong>affinis</strong></span> <span class='ocrx_word' id='word_1_128' title='bbox 217 3094 292 3171; x_wconf 87' lang='lat' dir='ltr'><strong>est,</strong></span> <span class='ocrx_word' id='word_1_129' title='bbox 319 3081 384 3161; x_wconf 88' lang='lat' dir='ltr'><strong>hie</strong></span> <span class='ocrx_word' id='word_1_130' title='bbox 402 3107 499 3172; x_wconf 79' lang='lat' dir='ltr'><strong>naas,</strong></span> <span class='ocrx_word' id='word_1_131' title='bbox 528 3082 703 3163; x_wconf 84' lang='lat' dir='ltr'><strong>antennis</strong></span> <span class='ocrx_word' id='word_1_132' title='bbox 728 3078 965 3160; x_wconf 75' lang='lat' dir='ltr'><strong>breuioribus</strong></span> <span class='ocrx_word' id='word_1_133' title='bbox 987 3093 1026 3161; x_wconf 86' lang='lat' dir='ltr'><strong>et</strong></span> <span class='ocrx_word' id='word_1_134' title='bbox 1046 3101 1146 3172; x_wconf 83' lang='lat' dir='ltr'><strong>cras-</strong></span> 
     </span>
     <span class='ocr_line' id='line_1_22' title="bbox 75 3195 1146 3305; baseline 0.006 -37"><span class='ocrx_word' id='word_1_135' title='bbox 75 3195 255 3289; x_wconf 87' lang='lat' dir='ltr'><strong>sioribus,</strong></span> <span class='ocrx_word' id='word_1_136' title='bbox 287 3199 494 3282; x_wconf 82' lang='lat' dir='ltr'><strong>femoribus</strong></span> <span class='ocrx_word' id='word_1_137' title='bbox 528 3202 688 3305; x_wconf 86' lang='lat' dir='ltr'><strong>posticis</strong></span> <span class='ocrx_word' id='word_1_138' title='bbox 719 3199 996 3300; x_wconf 87' lang='lat' dir='ltr'><strong>abdomineque</strong></span> <span class='ocrx_word' id='word_1_139' title='bbox 1029 3197 1146 3301; x_wconf 88' lang='lat' dir='ltr'><strong>paulo</strong></span> 
     </span>
     <span class='ocr_line' id='line_1_23' title="bbox 76 3317 1145 3420; baseline 0.003 -32"><span class='ocrx_word' id='word_1_140' title='bbox 76 3317 346 3414; x_wconf 75' lang='lat' dir='ltr'><strong>gracilioribus,</strong></span> <span class='ocrx_word' id='word_1_141' title='bbox 366 3322 569 3400; x_wconf 81' lang='lat' dir='ltr'><strong>distinctus</strong></span> <span class='ocrx_word' id='word_1_142' title='bbox 585 3337 654 3400; x_wconf 76' lang='lat' dir='ltr'><strong>est.</strong></span> <span class='ocrx_word' id='word_1_143' title='bbox 670 3365 719 3382; x_wconf 89' lang='grc'>-</span> <span class='ocrx_word' id='word_1_144' title='bbox 741 3317 965 3420; x_wconf 72' lang='lat' dir='ltr'><strong>longitudo</strong></span> <span class='ocrx_word' id='word_1_145' title='bbox 983 3329 1006 3398; x_wconf 76' lang='grc' dir='ltr'>ὅ</span> <span class='ocrx_word' id='word_1_146' title='bbox 1024 3319 1145 3393; x_wconf 90' lang='lat' dir='ltr'><strong>linea-</strong></span> 
     </span>
     <span class='ocr_line' id='line_1_24' title="bbox 75 3436 1144 3544; baseline 0.001 -33"><span class='ocrx_word' id='word_1_147' title='bbox 75 3459 164 3514; x_wconf 86' lang='lat' dir='ltr'><strong>rum.</strong></span> <span class='ocrx_word' id='word_1_148' title='bbox 190 3440 310 3544; x_wconf 84' lang='lat' dir='ltr'><strong>Polpi</strong></span> <span class='ocrx_word' id='word_1_149' title='bbox 323 3455 363 3524; x_wconf 85' lang='lat' dir='ltr'><strong>et</strong></span> <span class='ocrx_word' id='word_1_150' title='bbox 377 3440 837 3528; x_wconf 81' lang='lat' dir='ltr'><strong>antennoetotaeiuscae.</strong></span> <span class='ocrx_word' id='word_1_151' title='bbox 864 3438 988 3522; x_wconf 79' lang='lat' dir='ltr'><strong>Pedes</strong></span> <span class='ocrx_word' id='word_1_152' title='bbox 1001 3436 1144 3540; x_wconf 85' lang='lat' dir='ltr'><strong>postici</strong></span> 
     </span>
     <span class='ocr_line' id='line_1_25' title="bbox 80 3551 1145 3666; baseline 0.008 -42"><span class='ocrx_word' id='word_1_153' title='bbox 80 3551 177 3630; x_wconf 86' lang='lat' dir='ltr'><strong>tibiis</strong></span> <span class='ocrx_word' id='word_1_154' title='bbox 196 3559 351 3653; x_wconf 84' lang='lat' dir='ltr'><strong>albidis,</strong></span> <span class='ocrx_word' id='word_1_155' title='bbox 378 3562 488 3666; x_wconf 82' lang='lat' dir='ltr'><strong>apice</strong></span> <span class='ocrx_word' id='word_1_156' title='bbox 508 3579 548 3644; x_wconf 86' lang='lat' dir='ltr'><strong>et</strong></span> <span class='ocrx_word' id='word_1_157' title='bbox 568 3578 659 3641; x_wconf 83' lang='lat' dir='ltr'><strong>ante</strong></span> <span class='ocrx_word' id='word_1_158' title='bbox 671 3560 781 3637; x_wconf 89' lang='lat' dir='ltr'><strong>basin</strong></span> <span class='ocrx_word' id='word_1_159' title='bbox 796 3558 1040 3662; x_wconf 85' lang='lat' dir='ltr'><strong>nigrolusois,</strong></span> <span class='ocrx_word' id='word_1_160' title='bbox 1067 3573 1145 3634; x_wconf 83' lang='lat' dir='ltr'><strong>tar-</strong></span> 
     </span>
     <span class='ocr_line' id='line_1_26' title="bbox 79 3671 1144 3780; baseline 0.004 -32"><span class='ocrx_word' id='word_1_161' title='bbox 79 3671 124 3748; x_wconf 90' lang='lat' dir='ltr'><strong>sis</strong></span> <span class='ocrx_word' id='word_1_162' title='bbox 136 3675 384 3780; x_wconf 83' lang='lat' dir='ltr'><strong>nigroluseis,</strong></span> <span class='ocrx_word' id='word_1_163' title='bbox 410 3685 575 3763; x_wconf 70' lang='lat' dir='ltr'><strong>anieno</strong></span> <span class='ocrx_word' id='word_1_164' title='bbox 599 3694 617 3763; x_wconf 90' lang='lat'>1</span> <span class='ocrx_word' id='word_1_165' title='bbox 640 3681 722 3762; x_wconf 82' lang='lat' dir='ltr'><strong>basi</strong></span> <span class='ocrx_word' id='word_1_166' title='bbox 738 3679 877 3762; x_wconf 82' lang='lat' dir='ltr'><strong>albida.</strong></span> <span class='ocrx_word' id='word_1_167' title='bbox 904 3722 958 3736; x_wconf 97' lang='lat'>—</span> <span class='ocrx_word' id='word_1_168' title='bbox 985 3680 1144 3758; x_wconf 85' lang='lat' dir='ltr'><strong>Caetera</strong></span> 
     </span>
     <span class='ocr_line' id='line_1_27' title="bbox 77 3791 601 3904; baseline 0.015 -34"><span class='ocrx_word' id='word_1_169' title='bbox 77 3791 169 3875; x_wconf 87' lang='lat' dir='ltr'><strong>sicut</strong></span> <span class='ocrx_word' id='word_1_170' title='bbox 180 3799 220 3874; x_wconf 87' lang='lat' dir='ltr'><strong>in</strong></span> <span class='ocrx_word' id='word_1_171' title='bbox 232 3801 399 3880; x_wconf 84' lang='lat' dir='ltr'><strong>maribus</strong></span> <span class='ocrx_word' id='word_1_172' title='bbox 414 3802 601 3904; x_wconf 84' lang='lat' dir='ltr'><strong>genuinis.</strong></span> 
     </span>
    </p>

    <p class='ocr_par' dir='ltr' id='par_1_8' title="bbox 74 3917 1142 4116">
     <span class='ocr_line' id='line_1_28' title="bbox 144 3917 1142 4026; baseline -0.003 -32"><span class='ocrx_word' id='word_1_173' title='bbox 144 3919 272 3996; x_wconf 90' lang='lat' dir='ltr'><strong>Unum</strong></span> <span class='ocrx_word' id='word_1_174' title='bbox 292 3921 381 4026; x_wconf 85' lang='lat' dir='ltr'><strong>oepi</strong></span> <span class='ocrx_word' id='word_1_175' title='bbox 402 3949 531 4004; x_wconf 88' lang='lat' dir='ltr'><strong>mense</strong></span> <span class='ocrx_word' id='word_1_176' title='bbox 547 3925 718 4026; x_wconf 83' lang='lat' dir='ltr'><strong>Augusto</strong></span> <span class='ocrx_word' id='word_1_177' title='bbox 741 3919 842 3998; x_wconf 86' lang='lat' dir='ltr'><strong>cirea</strong></span> <span class='ocrx_word' id='word_1_178' title='bbox 862 3917 1082 4000; x_wconf 82' lang='lat' dir='ltr'><strong>Solzbrunn</strong></span> <span class='ocrx_word' id='word_1_179' title='bbox 1102 3917 1142 3992; x_wconf 86' lang='lat' dir='ltr'><strong>in</strong></span> 
     </span>
     <span class='ocr_line' id='line_1_29' title="bbox 74 4031 269 4116; baseline 0.026 -5"><span class='ocrx_word' id='word_1_180' title='bbox 74 4031 269 4116; x_wconf 79' lang='lat' dir='ltr'><strong>fruticetis.</strong></span> 
     </span>
    </p>
   </div>
   <div class='ocr_carea' id='block_1_6' title="bbox 0 0 1366 4630">
    <p class='ocr_par' dir='ltr' id='par_1_9' title="bbox 0 0 1366 4630">
     <span class='ocr_line' id='line_1_30' title="bbox 0 0 1366 4630; baseline 0 0"><span class='ocrx_word' id='word_1_181' title='bbox 0 0 1366 4630; x_wconf 95' lang='lat' dir='ltr'><strong> </strong></span> 
     </span>
    </p>
   </div>
  </div>
 </body>
</html>
