2726 4634
525 207 718 260 rantum
744 195 770 258 Ι.

444 500 478 562 ⁷.
520 489 557 558 Β.
579 487 784 560 CINCTUS.
827 511 862 557 n.

324 692 509 782 segmentis
536 692 739 761 intermediis
761 687 1053 780 flavornarginstis3
1082 689 1181 779 pedi·-

320 795 383 862 bus
406 796 504 878 rufis,
531 796 795 864 trocbanteribus
818 806 852 863 et
872 794 962 862 coxis
980 791 1089 872 ssavis,
1110 803 1182 858 tar-

322 896 368 962 sis
380 897 519 986 posticis
536 899 657 987 nigris3
681 901 773 988 apice
784 896 928 977 scutelli,
951 893 1089 986 picturis
1101 893 1182 961 tho-

319 999 423 1082 racis,
467 997 552 1066 sacia
585 1011 619 1070 et
651 998 790 1068 articulo
822 1000 932 1090 primo
966 1007 1182 1066 antennarum

319 1098 425 1172 ssavis.
465 1124 513 1170 nr.

194 1326 366 1404 Statura
387 1342 427 1404 et
447 1328 648 1433 proportio
663 1329 836 1432 partium
858 1325 1002 1432 speciei
1022 1352 1182 1428 sequen·

115 1445 188 1536 tis,
216 1447 283 1524 sed
305 1446 505 1523 abdomine
524 1449 699 1528 breviore
719 1465 759 1528 et
779 1450 928 1528 latiore.

195 1567 419 1667 congiendo
432 1569 586 1666 2--272
606 1569 805 1648 linearum.
860 1573 990 1672 Caput
1001 1563 1180 1646 ore'iaoie

114 1701 158 1762 et
177 1687 284 1786 genis
303 1687 422 1766 flavis.
474 1692 679 1770 Antennae
690 1689 853 1766 articulo
877 1697 896 1766 1
921 1687 1053 1766 subtus
1071 1687 1180 1762 flavo.

114 1805 289 1884 Tborooe
315 1807 439 1897 collo,
474 1807 575 1887 linea
608 1811 685 1885 lata
712 1823 799 1886 ante
832 1807 931 1896 alas,
963 1805 1180 1908 suturisqnc

115 1926 351 2016 lateralibus,
372 1928 491 2004 flavis.
546 1929 763 2009 Scutellum
775 1928 922 2006 macula
936 1925 1084 2030 spiculi,
1103 1951 1182 2002 ma.-

116 2043 433 2146 joreminoreve,·
452 2048 560 2126 flava.
613 2049 921 2152 Aluehyalinae,
949 2044 1123 2146 stigmate
1141 2058 1182 2119 et

117 2164 225 2239 radio
238 2163 366 2257 fuscis,
390 2169 516 2244 radice
530 2183 570 2244 et
582 2169 778 2270 squamula
793 2169 912 2244 flavis.
940 2166 1063 2243 Pedes
1076 2161 1182 2242 ruso-

116 2283 233 2374 fulvi,
259 2285 562 2363 troebanteribus
583 2287 743 2372 eteoxis
767 2286 891 2376 flavia
917 2285 1056 2388 postici
1071 2309 1183 2360 coxa·

116 2429 200 2480 rum
228 2404 308 2480 basi
336 2406 447 2480 tarsis
474 2422 514 2484 et
541 2406 721 2482 tibiarum
748 2406 858 2510 apice
885 2430 1031 2484 summo
1051 2405 1178 2506 nigris.

114 2523 319 2604 Abdomen
333 2527 459 2629 capite
474 2525 707 2629 thoraoeque
721 2527 836 2628 paulo
849 2526 1012 2628 longius,
1026 2523 1181 2601 thorace

119 2644 180 2719 vix
223 2646 339 2748 paulo
380 2645 594 2750 angustius,
636 2647 941 2750 subdeprossum;
965 2644 1182 2746 segmentis

115 2771 140 2842 ,1
164 2779 203 2840 et
223 2775 249 2844 2
270 2765 467 2842 aciculatis
495 2766 642 2867 opacis,
670 2766 915 2870 sequentibus
944 2765 1082 2841 sensim
1101 2766 1181 2840 lae·

118 2883 287 2960 rioribus
310 2901 350 2961 et
365 2885 626 2976 nitidioribus3
653 2885 966 2987 2-4margine,
993 2885 1180 2986 bangulis

117 3005 337 3105 apioalibus,
358 3006 477 3083 flavis.
516 3007 658 3111 Stylus
670 3007 788 3084 anelis
804 3006 1043 3082 subexsertus
1058 3003 1181 3108 cylin-

117 3121 256 3200 dricus.

192 3246 319 3318 Unum
341 3242 580 3322 individuum
603 3247 707 3349 cepi,
734 3244 797 3322 die
819 3253 843 3324 3
865 3243 1112 3348 Septembris,
1138 3245 1179 3321 in
1208 3309 1212 3314 .

118 3363 333 3450 umbellatis
357 3390 478 3466 prope
502 3368 678 3458 Reinerz,
703 3365 865 3444 alterum
885 3367 1055 3467 Manger
1075 3365 1180 3470 cepit

117 3479 216 3558 circa
241 3481 513 3564 Wormhrnnn.
933 3491 937 3500 '
