<?xml version="1.0" encoding="UTF-8"?>
<!DOCTYPE html PUBLIC "-//W3C//DTD XHTML 1.0 Transitional//EN"
    "http://www.w3.org/TR/xhtml1/DTD/xhtml1-transitional.dtd">
<html xmlns="http://www.w3.org/1999/xhtml" xml:lang="en" lang="en">
 <head>
  <title>
</title>
<meta http-equiv="Content-Type" content="text/html;charset=utf-8" />
  <meta name='ocr-system' content='tesseract 3.04.00' />
  <meta name='ocr-capabilities' content='ocr_page ocr_carea ocr_par ocr_line ocrx_word'/>
</head>
<body>
  <div class='ocr_page' id='page_1' title='image "./ichneumonologia00cgrgoog_0318.png"; bbox 0 0 2726 4634; ppageno 0'>
   <div class='ocr_carea' id='block_1_1' title="bbox 454 591 953 672">
    <p class='ocr_par' dir='ltr' id='par_1_1' title="bbox 454 591 953 672">
     <span class='ocr_line' id='line_1_1' title="bbox 454 591 953 672; baseline -0.028 0"><span class='ocrx_word' id='word_1_1' title='bbox 454 609 487 672; x_wconf 76' lang='lat'>8.</span> <span class='ocrx_word' id='word_1_2' title='bbox 528 597 566 664; x_wconf 89' lang='grc' dir='ltr'>Β.</span> <span class='ocrx_word' id='word_1_3' title='bbox 592 591 874 667; x_wconf 89' lang='lat' dir='ltr'><strong>EXSULTANS.</strong></span> <span class='ocrx_word' id='word_1_4' title='bbox 918 615 953 658; x_wconf 87' lang='lat' dir='ltr'>n.</span> 
     </span>
    </p>
   </div>
   <div class='ocr_carea' id='block_1_2' title="bbox 376 792 1236 1391">
    <p class='ocr_par' dir='ltr' id='par_1_2' title="bbox 376 792 1236 1391">
     <span class='ocr_line' id='line_1_2' title="bbox 378 792 1235 888; baseline -0.008 -22"><span class='ocrx_word' id='word_1_5' title='bbox 378 799 562 888; x_wconf 79' lang='lat' dir='ltr'>segmentis</span> <span class='ocrx_word' id='word_1_6' title='bbox 591 794 794 864; x_wconf 82' lang='lat' dir='ltr'>intermediis</span> <span class='ocrx_word' id='word_1_7' title='bbox 824 792 1235 862; x_wconf 74' lang='lat' dir='ltr'>alnido-testaceo-mar-</span> 
     </span>
     <span class='ocr_line' id='line_1_3' title="bbox 376 896 1236 990; baseline -0.005 -24"><span class='ocrx_word' id='word_1_8' title='bbox 376 902 513 990; x_wconf 69' lang='lat' dir='ltr'>glutitis,</span> <span class='ocrx_word' id='word_1_9' title='bbox 540 901 680 990; x_wconf 91' lang='lat' dir='ltr'>pedibus</span> <span class='ocrx_word' id='word_1_10' title='bbox 708 897 804 979; x_wconf 87' lang='lat' dir='ltr'>rufis,</span> <span class='ocrx_word' id='word_1_11' title='bbox 835 897 924 964; x_wconf 85' lang='lat' dir='ltr'>coxis</span> <span class='ocrx_word' id='word_1_12' title='bbox 952 907 987 962; x_wconf 87' lang='lat' dir='ltr'>et</span> <span class='ocrx_word' id='word_1_13' title='bbox 1012 896 1236 962; x_wconf 82' lang='lat' dir='ltr'>trocbanteri-</span> 
     </span>
     <span class='ocr_line' id='line_1_4' title="bbox 376 997 1236 1090; baseline -0.007 -21"><span class='ocrx_word' id='word_1_14' title='bbox 376 1004 439 1070; x_wconf 86' lang='lat' dir='ltr'>bus</span> <span class='ocrx_word' id='word_1_15' title='bbox 469 1003 574 1087; x_wconf 86' lang='lat' dir='ltr'>flavis,</span> <span class='ocrx_word' id='word_1_16' title='bbox 608 1002 703 1069; x_wconf 82' lang='lat' dir='ltr'>tarsis</span> <span class='ocrx_word' id='word_1_17' title='bbox 732 999 870 1090; x_wconf 90' lang='lat' dir='ltr'>posticis</span> <span class='ocrx_word' id='word_1_18' title='bbox 897 1010 932 1066; x_wconf 86' lang='lat' dir='ltr'>et</span> <span class='ocrx_word' id='word_1_19' title='bbox 960 998 1052 1086; x_wconf 84' lang='lat' dir='ltr'>apice</span> <span class='ocrx_word' id='word_1_20' title='bbox 1079 997 1236 1063; x_wconf 81' lang='lat' dir='ltr'>tibiarum</span> 
     </span>
     <span class='ocr_line' id='line_1_5' title="bbox 377 1099 1235 1190; baseline -0.005 -22"><span class='ocrx_word' id='word_1_21' title='bbox 377 1103 580 1190; x_wconf 82' lang='lat' dir='ltr'>posticemur</span> <span class='ocrx_word' id='word_1_22' title='bbox 601 1104 720 1184; x_wconf 68' lang='lat' dir='ltr'>luscis,</span> <span class='ocrx_word' id='word_1_23' title='bbox 745 1100 901 1184; x_wconf 88' lang='lat' dir='ltr'>scutello,</span> <span class='ocrx_word' id='word_1_24' title='bbox 923 1113 1074 1190; x_wconf 85' lang='lat' dir='ltr'>pectore,</span> <span class='ocrx_word' id='word_1_25' title='bbox 1095 1099 1235 1187; x_wconf 85' lang='lat' dir='ltr'>picturis</span> 
     </span>
     <span class='ocr_line' id='line_1_6' title="bbox 377 1201 1234 1288; baseline -0.011 -14"><span class='ocrx_word' id='word_1_26' title='bbox 377 1205 538 1288; x_wconf 78' lang='lat' dir='ltr'>thoracis,</span> <span class='ocrx_word' id='word_1_27' title='bbox 571 1205 655 1274; x_wconf 85' lang='lat' dir='ltr'>faeie</span> <span class='ocrx_word' id='word_1_28' title='bbox 684 1217 717 1271; x_wconf 86' lang='lat' dir='ltr'>et</span> <span class='ocrx_word' id='word_1_29' title='bbox 743 1203 845 1272; x_wconf 86' lang='lat' dir='ltr'>latere</span> <span class='ocrx_word' id='word_1_30' title='bbox 871 1201 980 1272; x_wconf 81' lang='lat' dir='ltr'>insero</span> <span class='ocrx_word' id='word_1_31' title='bbox 1007 1211 1234 1284; x_wconf 79' lang='lat' dir='ltr'>antennarum,</span> 
     </span>
     <span class='ocr_line' id='line_1_7' title="bbox 377 1305 831 1391; baseline -0.002 -19"><span class='ocrx_word' id='word_1_32' title='bbox 377 1305 486 1391; x_wconf 73' lang='lat' dir='ltr'>flavis,</span> <span class='ocrx_word' id='word_1_33' title='bbox 510 1307 621 1375; x_wconf 86' lang='lat' dir='ltr'>areola</span> <span class='ocrx_word' id='word_1_34' title='bbox 640 1306 743 1374; x_wconf 83' lang='lat' dir='ltr'>nulla.</span> <span class='ocrx_word' id='word_1_35' title='bbox 787 1329 831 1372; x_wconf 85' lang='lat' dir='ltr'>m.</span> 
     </span>
    </p>
   </div>
   <div class='ocr_carea' id='block_1_3' title="bbox 169 1541 1241 2252">
    <p class='ocr_par' dir='ltr' id='par_1_3' title="bbox 169 1541 1241 2252">
     <span class='ocr_line' id='line_1_8' title="bbox 257 1541 1239 1652; baseline -0.004 -28"><span class='ocrx_word' id='word_1_36' title='bbox 257 1546 647 1652; x_wconf 64' lang='lat' dir='ltr'>longitudot-tss,</span> <span class='ocrx_word' id='word_1_37' title='bbox 667 1550 864 1626; x_wconf 85' lang='lat' dir='ltr'>linearum.</span> <span class='ocrx_word' id='word_1_38' title='bbox 918 1547 1049 1648; x_wconf 79' lang='lat' dir='ltr'>Caput</span> <span class='ocrx_word' id='word_1_39' title='bbox 1066 1541 1239 1645; x_wconf 85' lang='lat' dir='ltr'>laciege-</span> 
     </span>
     <span class='ocr_line' id='line_1_9' title="bbox 179 1663 1240 1772; baseline -0.007 -27"><span class='ocrx_word' id='word_1_40' title='bbox 179 1667 237 1744; x_wconf 84' lang='lat' dir='ltr'>nis</span> <span class='ocrx_word' id='word_1_41' title='bbox 261 1693 404 1772; x_wconf 88' lang='lat' dir='ltr'>oreque</span> <span class='ocrx_word' id='word_1_42' title='bbox 429 1665 547 1743; x_wconf 78' lang='lat' dir='ltr'>flavis.</span> <span class='ocrx_word' id='word_1_43' title='bbox 600 1674 804 1750; x_wconf 81' lang='lat' dir='ltr'>Antennoe</span> <span class='ocrx_word' id='word_1_44' title='bbox 831 1663 1046 1752; x_wconf 85' lang='lat' dir='ltr'>fililormes,</span> <span class='ocrx_word' id='word_1_45' title='bbox 1078 1687 1240 1765; x_wconf 84' lang='lat' dir='ltr'>corpore</span> 
     </span>
     <span class='ocr_line' id='line_1_10' title="bbox 179 1783 1239 1890; baseline -0.008 -27"><span class='ocrx_word' id='word_1_46' title='bbox 179 1787 297 1890; x_wconf 89' lang='lat' dir='ltr'>paulo</span> <span class='ocrx_word' id='word_1_47' title='bbox 320 1788 529 1878; x_wconf 86' lang='lat' dir='ltr'>breviores,</span> <span class='ocrx_word' id='word_1_48' title='bbox 557 1791 688 1866; x_wconf 83' lang='lat' dir='ltr'><strong>subtus</strong></span> <span class='ocrx_word' id='word_1_49' title='bbox 707 1792 836 1867; x_wconf 79' lang='lat' dir='ltr'>flavae.</span> <span class='ocrx_word' id='word_1_50' title='bbox 890 1788 1058 1865; x_wconf 78' lang='lat' dir='ltr'>Thorax</span> <span class='ocrx_word' id='word_1_51' title='bbox 1085 1783 1239 1884; x_wconf 87' lang='lat' dir='ltr'>gibbus;</span> 
     </span>
     <span class='ocr_line' id='line_1_11' title="bbox 169 1903 1239 2000; baseline -0.007 -16"><span class='ocrx_word' id='word_1_52' title='bbox 169 1907 281 1984; x_wconf 85' lang='lat' dir='ltr'>linea</span> <span class='ocrx_word' id='word_1_53' title='bbox 294 1933 360 1984; x_wconf 89' lang='lat' dir='ltr'>seu</span> <span class='ocrx_word' id='word_1_54' title='bbox 370 1907 517 1982; x_wconf 88' lang='lat' dir='ltr'>macula</span> <span class='ocrx_word' id='word_1_55' title='bbox 532 1925 619 1986; x_wconf 85' lang='lat' dir='ltr'>aute</span> <span class='ocrx_word' id='word_1_56' title='bbox 632 1911 720 2000; x_wconf 87' lang='lat' dir='ltr'>alas,</span> <span class='ocrx_word' id='word_1_57' title='bbox 748 1909 865 1986; x_wconf 85' lang='lat' dir='ltr'>altera</span> <span class='ocrx_word' id='word_1_58' title='bbox 877 1907 1024 1984; x_wconf 80' lang='lat' dir='ltr'>minore</span> <span class='ocrx_word' id='word_1_59' title='bbox 1039 1903 1135 1980; x_wconf 85' lang='lat' dir='ltr'>iufra</span> <span class='ocrx_word' id='word_1_60' title='bbox 1149 1903 1239 1993; x_wconf 86' lang='lat' dir='ltr'>alas,</span> 
     </span>
     <span class='ocr_line' id='line_1_12' title="bbox 178 2026 1241 2129; baseline -0.006 -26"><span class='ocrx_word' id='word_1_61' title='bbox 178 2027 340 2123; x_wconf 88' lang='lat' dir='ltr'>picturis</span> <span class='ocrx_word' id='word_1_62' title='bbox 365 2026 572 2129; x_wconf 87' lang='lat' dir='ltr'>majoribus</span> <span class='ocrx_word' id='word_1_63' title='bbox 596 2031 853 2108; x_wconf 84' lang='lat' dir='ltr'>minoribusve</span> <span class='ocrx_word' id='word_1_64' title='bbox 872 2030 1035 2104; x_wconf 85' lang='lat' dir='ltr'>laterum</span> <span class='ocrx_word' id='word_1_65' title='bbox 1055 2040 1094 2102; x_wconf 91' lang='lat' dir='ltr'>et</span> <span class='ocrx_word' id='word_1_66' title='bbox 1108 2037 1241 2126; x_wconf 90' lang='lat' dir='ltr'>pecto-</span> 
     </span>
     <span class='ocr_line' id='line_1_13' title="bbox 171 2137 1239 2252; baseline -0.008 -27"><span class='ocrx_word' id='word_1_67' title='bbox 171 2147 250 2238; x_wconf 90' lang='lat' dir='ltr'>·ris,</span> <span class='ocrx_word' id='word_1_68' title='bbox 278 2148 503 2252; x_wconf 88' lang='lat' dir='ltr'>plerumque</span> <span class='ocrx_word' id='word_1_69' title='bbox 531 2148 672 2225; x_wconf 83' lang='lat' dir='ltr'>lineola</span> <span class='ocrx_word' id='word_1_70' title='bbox 701 2137 941 2228; x_wconf 85' lang='lat' dir='ltr'>transversali</span> <span class='ocrx_word' id='word_1_71' title='bbox 969 2145 1038 2224; x_wconf 90' lang='lat' dir='ltr'>sub</span> <span class='ocrx_word' id='word_1_72' title='bbox 1064 2142 1239 2232; x_wconf 80' lang='lat' dir='ltr'>scutelle,</span> 
     </span>
    </p>
   </div>
   <div class='ocr_carea' id='block_1_4' title="bbox 142 2264 1243 4050">
    <p class='ocr_par' dir='ltr' id='par_1_4' title="bbox 142 2264 1243 3564">
     <span class='ocr_line' id='line_1_14' title="bbox 174 2264 1241 2366; baseline -0.006 -22"><span class='ocrx_word' id='word_1_73' title='bbox 174 2268 297 2346; x_wconf 80' lang='lat' dir='ltr'>flavis.</span> <span class='ocrx_word' id='word_1_74' title='bbox 338 2268 552 2346; x_wconf 76' lang='lat' dir='ltr'>scutellum</span> <span class='ocrx_word' id='word_1_75' title='bbox 572 2269 721 2346; x_wconf 83' lang='lat' dir='ltr'>flavum.</span> <span class='ocrx_word' id='word_1_76' title='bbox 762 2273 866 2349; x_wconf 80' lang='lat' dir='ltr'>Aloe</span> <span class='ocrx_word' id='word_1_77' title='bbox 885 2266 1094 2344; x_wconf 85' lang='lat' dir='ltr'>mediocres</span> <span class='ocrx_word' id='word_1_78' title='bbox 1116 2264 1241 2366; x_wconf 84' lang='lat' dir='ltr'>hyali-</span> 
     </span>
     <span class='ocr_line' id='line_1_15' title="bbox 181 2383 1242 2498; baseline -0.005 -34"><span class='ocrx_word' id='word_1_79' title='bbox 181 2415 269 2478; x_wconf 88' lang='lat' dir='ltr'>nae,</span> <span class='ocrx_word' id='word_1_80' title='bbox 296 2387 470 2488; x_wconf 77' lang='lat' dir='ltr'>stigmate</span> <span class='ocrx_word' id='word_1_81' title='bbox 491 2404 530 2463; x_wconf 91' lang='lat' dir='ltr'>et</span> <span class='ocrx_word' id='word_1_82' title='bbox 543 2389 650 2498; x_wconf 77' lang='lat' dir='ltr'>radio</span> <span class='ocrx_word' id='word_1_83' title='bbox 670 2389 787 2466; x_wconf 85' lang='lat' dir='ltr'>luscis</span> <span class='ocrx_word' id='word_1_84' title='bbox 807 2403 872 2464; x_wconf 83' lang='lat' dir='ltr'>aut</span> <span class='ocrx_word' id='word_1_85' title='bbox 892 2387 1028 2490; x_wconf 83' lang='lat' dir='ltr'>piceis,</span> <span class='ocrx_word' id='word_1_86' title='bbox 1055 2383 1181 2460; x_wconf 81' lang='lat' dir='ltr'>radice</span> <span class='ocrx_word' id='word_1_87' title='bbox 1201 2397 1242 2459; x_wconf 84' lang='lat' dir='ltr'>et</span> 
     </span>
     <span class='ocr_line' id='line_1_16' title="bbox 179 2503 1240 2610; baseline -0.006 -26"><span class='ocrx_word' id='word_1_88' title='bbox 179 2507 377 2609; x_wconf 84' lang='lat' dir='ltr'>squamula</span> <span class='ocrx_word' id='word_1_89' title='bbox 393 2505 511 2586; x_wconf 85' lang='lat' dir='ltr'>flavis.</span> <span class='ocrx_word' id='word_1_90' title='bbox 538 2507 662 2588; x_wconf 81' lang='lat' dir='ltr'>Pedes</span> <span class='ocrx_word' id='word_1_91' title='bbox 674 2508 843 2610; x_wconf 81' lang='lat' dir='ltr'>graciles,</span> <span class='ocrx_word' id='word_1_92' title='bbox 856 2505 1119 2596; x_wconf 81' lang='lat' dir='ltr'>dilate-fulvi,</span> <span class='ocrx_word' id='word_1_93' title='bbox 1135 2503 1240 2580; x_wconf 80' lang='lat' dir='ltr'>coxis</span> 
     </span>
     <span class='ocr_line' id='line_1_17' title="bbox 179 2623 1243 2732; baseline -0.007 -29"><span class='ocrx_word' id='word_1_94' title='bbox 179 2642 221 2703; x_wconf 88' lang='lat' dir='ltr'>et</span> <span class='ocrx_word' id='word_1_95' title='bbox 244 2625 547 2702; x_wconf 85' lang='lat' dir='ltr'>trochanteribus</span> <span class='ocrx_word' id='word_1_96' title='bbox 574 2627 873 2730; x_wconf 82' lang='lat' dir='ltr'>pallide-flavis3</span> <span class='ocrx_word' id='word_1_97' title='bbox 899 2625 1037 2732; x_wconf 84' lang='lat' dir='ltr'>postici</span> <span class='ocrx_word' id='word_1_98' title='bbox 1064 2623 1174 2700; x_wconf 86' lang='lat' dir='ltr'>tarsis</span> <span class='ocrx_word' id='word_1_99' title='bbox 1201 2635 1243 2696; x_wconf 89' lang='lat' dir='ltr'>et</span> 
     </span>
     <span class='ocr_line' id='line_1_18' title="bbox 173 2742 1243 2848; baseline -0.003 -27"><span class='ocrx_word' id='word_1_100' title='bbox 173 2745 358 2824; x_wconf 82' lang='lat' dir='ltr'>tibiarum</span> <span class='ocrx_word' id='word_1_101' title='bbox 372 2745 480 2848; x_wconf 88' lang='lat' dir='ltr'>apice</span> <span class='ocrx_word' id='word_1_102' title='bbox 494 2745 610 2824; x_wconf 85' lang='lat' dir='ltr'>luscis</span> <span class='ocrx_word' id='word_1_103' title='bbox 624 2763 690 2824; x_wconf 83' lang='lat' dir='ltr'>aut</span> <span class='ocrx_word' id='word_1_104' title='bbox 703 2748 1082 2827; x_wconf 85' lang='lat' dir='ltr'>subfuscesceutibus.</span> <span class='ocrx_word' id='word_1_105' title='bbox 1106 2742 1243 2823; x_wconf 80' lang='lat' dir='ltr'><em>Abdo-</em></span> 
     </span>
     <span class='ocr_line' id='line_1_19' title="bbox 183 2862 1242 2972; baseline -0.007 -30"><span class='ocrx_word' id='word_1_106' title='bbox 183 2893 268 2944; x_wconf 87' lang='lat' dir='ltr'>men</span> <span class='ocrx_word' id='word_1_107' title='bbox 282 2867 407 2968; x_wconf 85' lang='lat' dir='ltr'>capite</span> <span class='ocrx_word' id='word_1_108' title='bbox 421 2864 652 2971; x_wconf 83' lang='lat' dir='ltr'>thoraceque</span> <span class='ocrx_word' id='word_1_109' title='bbox 668 2869 784 2970; x_wconf 90' lang='lat' dir='ltr'>paulo</span> <span class='ocrx_word' id='word_1_110' title='bbox 796 2869 958 2972; x_wconf 90' lang='lat' dir='ltr'>longius,</span> <span class='ocrx_word' id='word_1_111' title='bbox 973 2865 1139 2943; x_wconf 84' lang='lat' dir='ltr'>thoracis</span> <span class='ocrx_word' id='word_1_112' title='bbox 1153 2862 1242 2937; x_wconf 88' lang='lat' dir='ltr'>lati-</span> 
     </span>
     <span class='ocr_line' id='line_1_20' title="bbox 176 2985 1243 3090; baseline -0.005 -29"><span class='ocrx_word' id='word_1_113' title='bbox 176 2985 311 3062; x_wconf 85' lang='lat' dir='ltr'>tudine</span> <span class='ocrx_word' id='word_1_114' title='bbox 324 3001 389 3060; x_wconf 87' lang='lat' dir='ltr'>aut</span> <span class='ocrx_word' id='word_1_115' title='bbox 402 2987 518 3088; x_wconf 81' lang='lat' dir='ltr'>paulo</span> <span class='ocrx_word' id='word_1_116' title='bbox 532 2986 736 3090; x_wconf 85' lang='lat' dir='ltr'>angustius,</span> <span class='ocrx_word' id='word_1_117' title='bbox 765 2987 1043 3076; x_wconf 84' lang='lat' dir='ltr'>subsusiforme,</span> <span class='ocrx_word' id='word_1_118' title='bbox 1071 3009 1243 3086; x_wconf 89' lang='lat' dir='ltr'>segmen-</span> 
     </span>
     <span class='ocr_line' id='line_1_21' title="bbox 179 3102 1243 3211; baseline -0.005 -31"><span class='ocrx_word' id='word_1_119' title='bbox 179 3103 230 3180; x_wconf 88' lang='lat' dir='ltr'>tis</span> <span class='ocrx_word' id='word_1_120' title='bbox 249 3114 275 3188; x_wconf 78' lang='lat'><em>2</em></span> <span class='ocrx_word' id='word_1_121' title='bbox 297 3115 380 3184; x_wconf 75' lang='lat' dir='ltr'>etS</span> <span class='ocrx_word' id='word_1_122' title='bbox 403 3105 610 3207; x_wconf 64' lang='lat' dir='ltr'>quadratis</span> <span class='ocrx_word' id='word_1_123' title='bbox 637 3121 830 3211; x_wconf 89' lang='lat' dir='ltr'>segmento</span> <span class='ocrx_word' id='word_1_124' title='bbox 856 3116 875 3185; x_wconf 94' lang='lat'>1</span> <span class='ocrx_word' id='word_1_125' title='bbox 900 3107 1087 3182; x_wconf 85' lang='lat' dir='ltr'>aciculato</span> <span class='ocrx_word' id='word_1_126' title='bbox 1102 3102 1243 3178; x_wconf 78' lang='lat' dir='ltr'>scabro</span> 
     </span>
     <span class='ocr_line' id='line_1_22' title="bbox 142 3223 1242 3324; baseline 0.002 -28"><span class='ocrx_word' id='word_1_127' title='bbox 142 3286 147 3296; x_wconf 94' lang='lat'>.</span> <span class='ocrx_word' id='word_1_128' title='bbox 179 3241 247 3302; x_wconf 87' lang='lat' dir='ltr'>aut</span> <span class='ocrx_word' id='word_1_129' title='bbox 274 3223 575 3314; x_wconf 75' lang='lat' dir='ltr'>subscahricu103</span> <span class='ocrx_word' id='word_1_130' title='bbox 600 3235 626 3308; x_wconf 76' lang='lat'>2</span> <span class='ocrx_word' id='word_1_131' title='bbox 649 3224 932 3306; x_wconf 85' lang='lat' dir='ltr'>subseebrioulo</span> <span class='ocrx_word' id='word_1_132' title='bbox 959 3241 999 3305; x_wconf 91' lang='lat' dir='ltr'>et</span> <span class='ocrx_word' id='word_1_133' title='bbox 1025 3236 1049 3305; x_wconf 79' lang='lat'><strong>3</strong></span> <span class='ocrx_word' id='word_1_134' title='bbox 1074 3223 1242 3324; x_wconf 88' lang='lat' dir='ltr'>margine</span> 
     </span>
     <span class='ocr_line' id='line_1_23' title="bbox 178 3343 1242 3450; baseline -0.001 -28"><span class='ocrx_word' id='word_1_135' title='bbox 178 3345 269 3423; x_wconf 83' lang='lat' dir='ltr'>albo</span> <span class='ocrx_word' id='word_1_136' title='bbox 295 3359 361 3420; x_wconf 83' lang='lat' dir='ltr'>aut</span> <span class='ocrx_word' id='word_1_137' title='bbox 385 3345 690 3437; x_wconf 79' lang='lat' dir='ltr'>testaceo-rul03</span> <span class='ocrx_word' id='word_1_138' title='bbox 725 3347 913 3426; x_wconf 86' lang='lat' dir='ltr'>interdum</span> <span class='ocrx_word' id='word_1_139' title='bbox 940 3371 1092 3450; x_wconf 89' lang='lat' dir='ltr'>quoque</span> <span class='ocrx_word' id='word_1_140' title='bbox 1117 3343 1242 3424; x_wconf 75' lang='lat' dir='ltr'>teto</span> 
     </span>
     <span class='ocr_line' id='line_1_24' title="bbox 181 3461 538 3564; baseline 0 -24"><span class='ocrx_word' id='word_1_141' title='bbox 181 3461 538 3564; x_wconf 86' lang='lat' dir='ltr'>albidomarginatis.</span> 
     </span>
    </p>

    <p class='ocr_par' dir='ltr' id='par_1_5' title="bbox 176 3582 1243 4050">
     <span class='ocr_line' id='line_1_25' title="bbox 255 3582 1241 3686; baseline -0.003 -27"><span class='ocrx_word' id='word_1_142' title='bbox 255 3585 380 3660; x_wconf 90' lang='lat' dir='ltr'>Unum</span> <span class='ocrx_word' id='word_1_143' title='bbox 393 3583 630 3662; x_wconf 90' lang='lat' dir='ltr'>individuum</span> <span class='ocrx_word' id='word_1_144' title='bbox 643 3583 748 3686; x_wconf 89' lang='lat' dir='ltr'>cepit</span> <span class='ocrx_word' id='word_1_145' title='bbox 761 3587 967 3686; x_wconf 85' lang='lat' dir='ltr'>Roentgen,</span> <span class='ocrx_word' id='word_1_146' title='bbox 987 3611 1116 3662; x_wconf 90' lang='lat' dir='ltr'>meuse</span> <span class='ocrx_word' id='word_1_147' title='bbox 1130 3582 1241 3674; x_wconf 89' lang='lat' dir='ltr'>lunii,</span> 
     </span>
     <span class='ocr_line' id='line_1_26' title="bbox 177 3699 1243 3807; baseline 0.004 -30"><span class='ocrx_word' id='word_1_148' title='bbox 177 3699 452 3807; x_wconf 77' lang='lat' dir='ltr'>inHercynio3</span> <span class='ocrx_word' id='word_1_149' title='bbox 478 3706 661 3807; x_wconf 85' lang='lat' dir='ltr'>quaedam</span> <span class='ocrx_word' id='word_1_150' title='bbox 682 3703 775 3794; x_wconf 84' lang='lat' dir='ltr'>elia,</span> <span class='ocrx_word' id='word_1_151' title='bbox 802 3705 842 3780; x_wconf 90' lang='lat' dir='ltr'>iu</span> <span class='ocrx_word' id='word_1_152' title='bbox 863 3709 1051 3796; x_wconf 83' lang='lat' dir='ltr'>Etruria,</span> <span class='ocrx_word' id='word_1_153' title='bbox 1078 3707 1243 3803; x_wconf 83' lang='lat' dir='ltr'>Regione</span> 
     </span>
     <span class='ocr_line' id='line_1_27' title="bbox 176 3817 1243 3928; baseline 0.002 -33"><span class='ocrx_word' id='word_1_154' title='bbox 176 3817 463 3900; x_wconf 83' lang='lat' dir='ltr'>Pedemontono</span> <span class='ocrx_word' id='word_1_155' title='bbox 485 3839 525 3901; x_wconf 90' lang='lat' dir='ltr'>et</span> <span class='ocrx_word' id='word_1_156' title='bbox 548 3825 955 3928; x_wconf 82' lang='lat' dir='ltr'>propeNetleylecta,</span> <span class='ocrx_word' id='word_1_157' title='bbox 984 3827 1030 3902; x_wconf 86' lang='lat' dir='ltr'>ad</span> <span class='ocrx_word' id='word_1_158' title='bbox 1045 3839 1243 3904; x_wconf 85' lang='lat' dir='ltr'>metrans-</span> 
     </span>
     <span class='ocr_line' id='line_1_28' title="bbox 177 3934 1240 4050; baseline 0.006 -36"><span class='ocrx_word' id='word_1_159' title='bbox 177 3934 288 4014; x_wconf 86' lang='lat' dir='ltr'>missa</span> <span class='ocrx_word' id='word_1_160' title='bbox 314 3957 413 4020; x_wconf 86' lang='lat' dir='ltr'>sunt.</span> <span class='ocrx_word' id='word_1_161' title='bbox 469 3945 602 4024; x_wconf 88' lang='lat' dir='ltr'>Italica</span> <span class='ocrx_word' id='word_1_162' title='bbox 629 3941 676 4018; x_wconf 87' lang='lat' dir='ltr'>ab</span> <span class='ocrx_word' id='word_1_163' title='bbox 704 3942 879 4026; x_wconf 89' lang='lat' dir='ltr'>omuibus</span> <span class='ocrx_word' id='word_1_164' title='bbox 913 3945 1089 4050; x_wconf 89' lang='lat' dir='ltr'>reliquis,</span> <span class='ocrx_word' id='word_1_165' title='bbox 1124 3943 1240 4022; x_wconf 88' lang='lat' dir='ltr'>etiam</span> 
     </span>
    </p>
   </div>
   <div class='ocr_carea' id='block_1_5' title="bbox 0 0 1368 4634">
    <p class='ocr_par' dir='ltr' id='par_1_6' title="bbox 0 0 1368 4634">
     <span class='ocr_line' id='line_1_29' title="bbox 0 0 1368 4634; baseline 0 0"><span class='ocrx_word' id='word_1_166' title='bbox 0 0 1368 4634; x_wconf 95' lang='lat' dir='ltr'> </span> 
     </span>
    </p>
   </div>
  </div>
 </body>
</html>
