2726 4634
209 181 284 256 834
649 193 814 247 sessus.

207 355 547 452 flavis3'inteulum
567 353 692 434 areola
711 357 944 461 triangulari
956 361 1153 466 irregulari
1177 367 1265 445 sub·

207 483 407 589 petiolata,
442 504 558 556 nervo
583 477 770 558 exteriore
796 478 1088 562 obsoletissimo.
1143 489 1267 567 Pedes

206 605 414 680 mediocres
444 598 689 702 subgraciles,
729 599 825 676 fulvi
851 617 916 676 aut
951 601 1263 700 fulvostraminei,

207 724 311 800 coxis
331 737 370 798 et
391 713 690 795 trochanteribus
706 720 956 797 anterioribus
976 725 1088 800 maris
1104 751 1262 830 semper,

204 845 368 921 feminae
379 841 619 944 plerumque,
646 841 768 930 flavis;
795 841 933 944 postici
947 843 1263 938 trochanteribus‚

204 991 381 1042 coxarum
407 961 532 1065 apice,
565 959 659 1034 mari
688 960 878 1036 interdum
903 963 1008 1040 coxis
1035 967 1143 1057 totis,
1178 970 1262 1071 ple·

202 1111 362 1186 rumque
396 1079 594 1184 geniculis,
635 1080 759 1171 flavis,
793 1081 897 1157 tibiis
931 1083 1262 1163 sordide-albidis

204 1207 312 1310 apice
332 1205 440 1305 nigro
461 1215 527 1276 aut
545 1199 670 1289 fusco,
695 1200 806 1276 tarsis
826 1203 1070 1306 nigrofuscis,
1096 1204 1176 1283 basi
1205 1233 1264 1282 ar-

202 1325 314 1403 ticuli
328 1323 441 1426 primi
455 1322 540 1424 plus
555 1321 677 1398 minus
692 1321 836 1412 albida,
863 1324 1082 1427 praesertim
1097 1326 1136 1400 in
1152 1327 1264 1402 mari-

202 1449 286 1524 bus.
339 1443 541 1522 Abdomen
568 1440 691 1542 capite
711 1441 941 1547 thoraceque
961 1445 1077 1548 paulo
1097 1445 1259 1548 longius,

202 1564 367 1642 thoracis
387 1559 606 1648 latitudine,
633 1562 727 1635 mari
748 1562 977 1653 sublineare,
1006 1565 1198 1666 angustius
1223 1583 1263 1643 et

202 1689 309 1789 apice
349 1682 538 1768 obtusius,
589 1679 752 1757 feminae
797 1683 1261 1779 lanceolato-fusisorme,

202 1807 310 1908 apice
337 1804 523 1888 acutiore,
562 1815 756 1901 segmento
787 1810 805 1879 1
834 1801 1037 1879 latitudine
1070 1803 1261 1907 longiore;

200 1922 401 2025 segmentis
425 1929 553 2010 1—2,
582 1921 769 1995 interdum
791 1920 903 1996 etiam
926 1929 968 2013 3,
1002 1923 1262 2002 subscabricu-

199 2037 267 2134 lis,
292 2043 392 2134 linea
413 2027 653 2118 transuersali
682 2029 878 2143 impressa,
906 2067 1172 2146 nonnunquam
1192 2047 1261 2121 ob-

200 2164 336 2253 soleta,
365 2160 609 2263 sequentibus
630 2160 889 2250 nitidioribus3
921 2171 1041 2241 a-6
1067 2167 1260 2242 interdum

198 2281 427 2384 marginibus
450 2281 603 2357 summis
624 2281 806 2355 castaneis
829 2296 894 2356 aut
914 2281 1258 2379 rufo-albentibus,

199 2405 286 2508 plus
302 2403 423 2492 minus
438 2401 638 2477 distinctis.
693 2403 864 2479 Aculeus
876 2402 941 2478 vix
954 2421 1122 2479 exsertus
1138 2407 1255 2508 niger.

261 2523 385 2597 Mares
399 2539 438 2597 et
451 2521 624 2610 feminae,
641 2521 742 2596 circa
759 2520 1019 2599 Warrnbrunn
1034 2541 1073 2598 et
1086 2525 1261 2602 Siclrers-

196 2645 342 2722 hausen
364 2643 474 2732 lecti,
513 2668 661 2716 mecum
692 2641 957 2717 communicati
993 2658 1097 2730 sunt,
1137 2671 1256 2721 mares

198 2765 403 2840 nonnullos
425 2763 524 2836 circa
552 2761 805 2850 Scheidnicb,
832 2764 1058 2865 Trujectum
1077 2764 1131 2842 ad
1160 2766 1202 2843 V
1200 2771 1257 2843 ἰα-

198 2885 312 2963 drum
335 2900 374 2960 et
394 2884 434 2959 in
453 2882 652 2986 Hercynio
670 2881 753 2984 ipse
767 2881 860 2982 legi,
888 2909 1016 2959 mense
1032 2885 1254 2984 Septembri,
1361 2985 1362 2990 ἵ

196 3005 237 3080 iu
268 3005 468 3080 fruticetis.
523 2991 696 3078 Feminae
730 3002 816 3103 cepi
850 3024 972 3103 prope
1010 3003 1253 3097 Scheidniclr,
1361 2995 1362 3044 l

196 3152 324 3201 mense
358 3125 475 3214 Iunii,
514 3121 553 3198 in
582 3120 763 3224 gramine,
804 3145 924 3223 prope
955 3121 1255 3217 Helrnstudium,

194 3270 323 3323 mense
354 3244 527 3346 Augusti,
567 3241 607 3316 in
630 3241 810 3318 fruticeto
843 3241 1044 3344 aphidibus
1086 3243 1252 3322 obsesso.

194 3367 295 3444 Nees
315 3365 364 3441 ab
384 3361 577 3441 Esenbect
601 3360 779 3437 feminam
799 3363 904 3463 cepit
925 3389 1013 3438 rere
1039 3362 1080 3437 in
1103 3365 1254 3464 corylo;

193 3486 290 3561 aliae
318 3486 516 3587 quaedam,
551 3479 649 3557 circa
679 3484 720 3560 V
719 3481 947 3558 indobonum
968 3498 1008 3558 et
1030 3485 1258 3563 Norimber-

190 3631 284 3706 gom
306 3621 460 3716 captae,
487 3605 534 3679 ad
553 3630 613 3678 me
631 3601 872 3678 transmissae
899 3618 1002 3692 sunt;
1030 3633 1141 3681 uuam
1162 3610 1257 3685 lusi-

193 3733 362 3803 tanicum
385 3725 462 3802 vidi
479 3725 519 3800 in
531 3724 667 3798 Museo
686 3726 849 3799 Comitis
868 3723 917 3802 de
928 3721 1255 3830 Hoffmannsegg,

192 3846 261 3923 sub
283 3847 436 3924 nomine
460 3845 568 3924 Iclrn.
593 3850 848 3949 pectorutorir‘
872 3844 970 3923 nori.
