2724 4630
358 251 460 302 run.
497 237 569 302 VII.
625 251 879 306 eruraurss.
1063 241 1140 318 225

152 1015 285 1115 Caput
315 1025 568 1090 transversum
594 1011 721 1090 breve.
761 1053 815 1072 -
851 1015 968 1096 Oculi
998 1021 1138 1108 orales,

82 1129 265 1208 interdum
278 1133 452 1208 obsoleta
466 1131 1050 1217 subrenilormes.—Antcnnce
1062 1167 1142 1218 me·

83 1251 220 1328 diocres
240 1269 310 1328 aut
323 1251 570 1354 subgraciles,
596 1269 810 1358 porrectae,
837 1271 903 1330 aut
922 1257 1030 1361 apice
1047 1284 1144 1362 pau··

83 1371 198 1449 lulum
218 1387 410 1450 curvatae.
438 1415 492 1431 -
522 1373 603 1450 Hae
621 1389 661 1450 et
678 1381 758 1452 oris
775 1391 911 1478 portes
929 1379 1141 1456 accuratius

82 1493 119 1566 in
143 1494 243 1569 notis
266 1494 320 1592 ¹ad
348 1489 446 1594 Eph.
476 1493 799 1572 manifestatorem
825 1509 865 1571 et
894 1496 1141 1574 mediatorem

83 1611 290 1716 descriptae
317 1629 416 1689 sunt.
441 1657 495 1673 -
527 1613 697 1706 Tdorocc
716 1612 851 1721 gibbus
872 1631 938 1690 aut
961 1616 1141 1719 gibbulus

83 1751 141 1811 aut
154 1716 665 1841 subgibbulo-cylindricns,
694 1733 823 1812 laevis.
845 1777 898 1793 -
923 1735 1141 1817 Scutellum
1260 1819 1267 1828 ,

82 1855 429 1944 convexiusculum,
465 1853 663 1956 speciebus
690 1853 869 1931 sectionis
891 1855 1035 1956 primae
1055 1857 1143 1934 lon-

83 1975 158 2076 gius
178 1974 499 2078 subtriangnlare,
533 1973 731 2078 speciebus
753 1975 932 2052 sectionis
955 1977 1142 2054 secundae

82 2093 224 2174 brevius
241 2093 548 2198 subquadratum.
563 2137 616 2152 -
635 2095 740 2174 Alae
752 2095 960 2172 mediocres
975 2111 1040 2173 aut
1054 2097 1143 2174 sub-

86 2216 241 2318 amplae3
277 2213 405 2290 areola
430 2212 652 2315 triangulari
676 2213 892 2318 irregulari,
926 2216 1049 2292 sessili
1076 2232 1143 2294 aut

85 2333 344 2436 subpetioleta.
359 2377 412 2394 -
436 2331 560 2410 Pedes
581 2333 819 2438 subelongati
841 2349 905 2410 aut
918 2337 1140 2414 mediocres.

83 2451 279 2533 Abdomen
313 2452 463 2542 sessile,
497 2452 663 2529 thoracis
695 2453 899 2530 latitudine
931 2471 997 2533 aut
1024 2457 1143 2561 paulo

85 2575 289 2674 angustius,
315 2573 470 2650 thorace
483 2573 603 2675 duplo
618 2590 700 2666 sut,
728 2574 844 2679 idque
858 2575 1026 2678 saepius,
1052 2575 1141 2677 plus

85 2693 194 2794 duplo
220 2693 395 2797 longius3
429 2693 681 2795 cylindricum
708 2708 774 2770 aut
798 2693 994 2784 fililorme,
1020 2694 1142 2770 rarius

87 2809 184 2889 basin
223 2842 357 2892 versus
402 2813 541 2890 sensim
574 2841 708 2917 parum
745 2831 984 2918 angustatum
1023 2814 1078 2912 (v.
1107 2839 1140 2890 c.

89 2931 176 3034 upa.
196 2935 431 3024 albiciucto,
456 2933 677 3026 mediatori,
702 2935 956 3038 divinatori);
980 2932 1144 3008 nitidum

90 3067 145 3126 aut
174 3054 401 3145 nitidulum,
439 3053 666 3158 plerumque
698 3056 907 3134 tuberculis
943 3069 1009 3129 aut
1040 3051 1143 3154 rugis

89 3173 408 3278 transuersalibus,
444 3173 724 3274 marginibusve
746 3175 922 3266 clevatis,
955 3171 1145 3248 nitidiori-

90 3289 165 3384 bus,
196 3293 502 3371 distinctionibus
531 3308 597 3368 aut
623 3294 935 3383 obsoletioribus3
975 3319 1145 3394 segmen-

91 3412 132 3487 tis
156 3415 330 3491 omnibus
356 3428 401 3490 ut
424 3413 632 3516 plurimum
658 3415 862 3494 latitudine
887 3412 1144 3516 longioribus3

95 3535 228 3636 saepius
258 3551 385 3610 autem
407 3533 552 3609 ultimis
572 3533 784 3636 quadratis,
817 3537 937 3612 rarius
956 3549 1145 3610 transver-

94 3651 150 3743 sis,
181 3655 371 3733 rarissime
391 3669 517 3732 autem
539 3653 624 3757 ipso
646 3671 840 3756 segmento
861 3653 1027 3766 secundo
1052 3679 1146 3756 qua·
1267 3689 1270 3696 λ

93 3768 206 3866 druto,
246 3773 391 3850 ultimis
413 3771 578 3851 feminae
600 3789 731 3852 ventre
756 3774 850 3850 rima
873 3770 1145 3876 longitudinali

92 3889 190 3970 fissis.
246 3895 487 3998 Segmentum
497 3894 661 3997 primum
676 3894 879 3971 latitudine
893 3894 1054 3996 longius,
1081 3891 1147 3966 ba-

95 4006 145 4084 sin
167 4037 295 4090 versus
323 4014 462 4092 sensim
488 4015 606 4117 paulo
630 4029 885 4116 angustatum,
918 4013 1148 4090 canalicula-

136 4142 220 4206 uas.
236 4149 348 4220 Europ.
365 4149 436 4206 rm
452 4149 512 4207 111.
831 4127 903 4210 15·
