2652 4628
215 221 263 295 36
665 231 831 281 rrmrns

218 400 347 490 Iunio,
381 398 421 472 in
443 411 581 474 trunco
607 397 782 496 Quercus
808 417 918 473 caeso
934 417 1056 500 prope
1076 395 1292 476 Proschen.

216 520 380 618 Quidam
401 543 540 608 mares,
568 517 667 594 eirca
688 515 835 594 Halam
854 515 1081 608 Saxonum,
1106 517 1295 596 Genuam

215 657 255 718 et
275 642 450 719 Parisios
468 637 588 742 nepti,
615 635 821 740 pluresque
841 634 1023 727 feminae,
1050 639 1150 714 airon
1175 639 1218 720 V
1215 665 1292 715 ra-

215 765 422 853 tistariom,
441 759 603 862 Nieslsy,
629 755 872 857 Gottingam,
892 757 1181 848 Hannoseram,
1198 759 1293 835 No-

215 878 466 980 rimdergam,
491 877 665 968 Almam,
691 878 836 982 Netlay
853 875 894 953 et
915 877 956 952 in
978 879 1145 978 Reginae
1167 877 1292 981 pede-

215 1015 398 1081 montana
418 999 557 1089 lestae,
590 998 637 1074 ad
655 1023 718 1076 me
736 997 978 1076 transmissae
1001 1012 1098 1075 sunt.

603 1254 884 1391 S'ynonyma:

204 1413 321 1519 Jahn.
349 1407 521 1488 Geoffroi
548 1437 585 1514 p.
609 1402 706 1506 324,
741 1441 776 1488 n.
793 1408 839 1490 ’6.

206 1533 320 1632 Jahn.
344 1547 491 1608 setosus
518 1527 712 1634 Fouroroy
738 1558 777 1634 p.
802 1533 894 1623 395,
929 1561 964 1606 n.
985 1539 1021 1610 6.

205 1735 209 1750 Ι
262 1709 286 1746 ,,
340 1649 550 1753 Olirierp.
576 1657 670 1740 206,
698 1679 733 1725 n.
763 1661 795 1730 1.

204 1767 421 1876 ,Schaeffer
435 1771 538 1846 laon.
555 1769 629 1847 tab.
646 1771 706 1862 50,
721 1771 772 1872 fig
800 1761 825 1850 ὅ
843 1771 1003 1870 (Panzer
1016 1763 1113 1846 hanc'
1130 1771 1284 1848 iconem

421 1887 578 1965 adhibet
597 1887 644 1964 ad
657 1885 764 1968 chn.
780 1891 1055 1994 lapidatorem,
1079 1885 1282 1994 Fabr.i1'ui

420 2025 547 2084 eutem
582 2010 975 2088 obseura-coeruleus
1004 2028 1062 2088 est
1095 2028 1135 2087 et
1165 2038 1282 2089 verus

420 2128 687 2231 ichneumon).
767 2229 769 2236 y

201 2241 317 2361 Jahn.
339 2251 613 2352 manifestator
632 2249 733 2326 Sulz.
756 2249 899 2327 Kennz.
930 2266 958 2325 t.
985 2258 1050 2340 18,
1077 2249 1139 2352 fig.
1174 2251 1280 2328 117?

313 2427 316 2433 -
370 2348 380 2368 ⁶
419 2369 659 2472 longitudine
675 2379 728 2460 12,
738 2365 925 2446 linearum
953 2369 1144 2472 (conteras
1161 2397 1282 2474 syno-

420 2518 531 2592 nyma
550 2483 605 2566 Ρ.Ι
617 2490 956 2591 manifestatoris).

200 2609 314 2718 ,Ichm
338 2615 610 2690 immaculatus
637 2609 762 2684 Gmel.
793 2609 850 2686 ed.
876 2610 986 2686 Linn.
1015 2637 1053 2714 p.
1076 2603 1195 2702 2698,
1234 2643 1273 2688 n.

417 2730 519 2814 260?
554 2730 688 2807 aculeo
710 2727 920 2808 abdominis
939 2730 1189 2834 longitudine.

458 3005 592 3084 Notas

280 3159 501 3265 Descriptio
512 3177 757 3240 antennarum
771 3175 811 3240 et
824 3163 902 3240 oris
915 3161 1090 3270 partium,
1113 3177 1272 3242 auctore

204 3279 305 3358 Nees
321 3281 371 3358 at
390 3282 603 3374 Esenbeck,
628 3281 722 3358 haee
749 3298 823 3360 est:

196 3427 201 3436 ·
279 3402 481 3487 Antennae
499 3418 625 3478 reatae
647 3417 833 3492 setaeeae,
861 3400 1033 3480 articulis
1054 3409 1121 3483 44:
1156 3404 1270 3480 Radi-

201 3521 287 3596 oula
308 3521 412 3597 brevi
436 3537 606 3624 anguste,
643 3545 754 3625 scapo
776 3545 900 3598 orasso
921 3523 1056 3600 eonico
1078 3523 1270 3624 subangu-

201 3641 302 3729 lato,
327 3642 435 3744 apice
455 3642 611 3744 oblique
631 3659 840 3720 extrorsum
859 3657 1055 3734 excavato,
1084 3660 1124 3719 et
1143 3644 1184 3719 in
1203 3645 1267 3720 fo-

197 3761 346 3836 veolem
367 3761 575 3862 recipiente
595 3747 1049 3866 scapum'brevissimum‚
1083 3763 1266 3866 imposito

199 3895 333 3983 quanto
356 3882 533 3972 articula,
562 3895 723 3987 utroque
744 3881 972 3975 disciformi,
1000 3885 1064 3960 vix
1085 3885 1263 3975 exsertim

197 4001 332 4103 quinto
354 4002 515 4082 articulo
535 4002 777 4109 longissimm
804 4004 963 4108 reliquis
991 4003 1167 4082 omnihus
1189 4006 1261 4080 sli-
