2726 4634
480 259 673 312 ramnum
698 245 726 312 1.
1057 245 1132 317 881

80 423 280 526 gitndinali
295 425 400 515 flava,
427 423 533 501 tibiis
547 425 700 516 albidis,
728 423 836 528 apice
849 439 889 500 et
901 449 1043 500 summa
1054 425 1136 500 basi

80 546 194 621 luscis
211 561 279 620 aut
292 544 534 646 ferrugineis,
561 545 671 621 tarsis
685 543 801 620 fuscis
816 560 882 621 aut
896 545 1133 648 ferrugineis.

79 663 280 743 Abdomen
302 664 501 765 segmentis
524 673 544 744 1
569 680 608 740 et
627 675 652 743 2
674 663 909 754 scabriculis,
944 665 1136 767 sequenti-

79 785 149 860 bus
170 783 430 872 nitidioribus;
456 793 498 872 3,
525 786 589 860 vel
611 794 635 877 3
657 799 696 859 et
716 791 756 875 4,
781 786 844 862 vel
863 787 995 874 3-5,
1021 784 1138 860 fascia

79 904 199 980 basali
211 905 307 980 flava
322 918 387 978 aut
400 902 534 994 albida,
561 902 676 979 fascia
689 902 870 1006 segmenti
882 903 997 995 tertii,
1017 903 1137 980 rarius

80 1049 233 1127 quoque
254 1025 397 1125 quarti,
424 1024 549 1100 medio
570 1024 699 1100 incisa.

155 1143 342 1218 Nonnulli
356 1169 487 1232 mares,
502 1144 602 1219 circa
619 1143 894 1234 Warm'brunn,
913 1143 1140 1246 Trajectum
1213 1221 1216 1231 ,

81 1263 136 1342 uei
159 1264 344 1340 Moenum
371 1279 411 1338 et
434 1262 581 1340 Holum
610 1264 816 1341 Saxonum
836 1267 955 1366 capti,
990 1289 1140 1339 mecum

79 1381 349 1458 communicati
370 1399 467 1460 sunt.
522 1382 724 1475 Holensis,
755 1385 986 1462 aGermuro
1013 1382 1139 1458 adme

79 1501 339 1592 transmissus,
373 1501 472 1578 idem
493 1518 551 1577 est
570 1502 823 1594 individuum,
850 1503 913 1579 cui
937 1501 1142 1580 Fabricius

79 1623 123 1698 in
141 1621 372 1698 collectione
391 1621 565 1711 Hubneri
579 1651 716 1701 nomen
729 1625 906 1726 Pimplue
918 1629 1144 1725 strigutoris

81 1742 300 1844 adscripsit,
339 1759 608 1847 segmentoque
633 1745 716 1824 solo
747 1745 863 1822 tertio
888 1743 971 1820 basi
998 1743 1087 1818 albo
1119 1768 1142 1815 a

82 1862 244 1966 reliquis
269 1859 409 1938 differt.
549 1863 557 1880 ⁸

497 2085 735 2168 Varietam

161 2231 195 2302 1.
222 2221 398 2303 Scutello
412 2223 638 2319 totoflavm
662 2233 862 2326 segmentis
874 2231 977 2305 a-4
993 2221 1147 2301 mocula

85 2341 666 2451 dorsali,3et4bosiquoque,
700 2345 852 2425 albidis.
879 2373 927 2420 m.
955 2389 1008 2404 --
1045 2346 1146 2420 Lon·

81 2465 222 2566 gitudo
247 2463 363 2565 paulo
390 2463 489 2539 ultra
515 2476 541 2544 2
566 2467 696 2541 lineas.
751 2471 880 2568 Caput
900 2466 998 2541 sicut
1020 2465 1061 2539 in
1083 2491 1147 2568 ge-

84 2587 225 2662 nuinis.
279 2585 483 2662 Antemnae
502 2585 646 2686 nigrae,
674 2587 844 2662 articulis
868 2595 888 2666 1
912 2594 993 2663 etss
1015 2583 1147 2662 subtus

85 2708 204 2782 flavis.
280 2702 450 2780 Thorax
476 2707 569 2780 colli
596 2706 795 2796 lateribus,
833 2707 998 2795 macula,
1039 2705 1148 2806 apice

85 2825 255 2914 hamata,
283 2837 370 2897 aute
390 2823 484 2913 alas,
512 2825 654 2902 lineola
677 2826 774 2902 inlra
789 2827 884 2916 alas,
912 2825 1013 2902 linea
1027 2840 1149 2899 trans-

85 2946 225 3022 versali
246 2942 344 3020 inire
366 2945 587 3036 scutellum,
617 2962 746 3021 sutura
772 2945 940 3035 laterali,
975 2959 1149 3046 pectore-

86 3091 171 3167 que,
198 3063 319 3155 flavis‚
333 3063 406 3139 hoc
420 3065 571 3166 punctis
586 3064 734 3140 duobus
752 3065 881 3168 nigris.
935 3065 1151 3144 Scutellum

84 3199 209 3261 totum
235 3186 387 3261 flavum,
451 3185 556 3263 Alae
580 3185 680 3259 sicut
707 3185 748 3260 in
775 3183 960 3287 genuinis.
1027 3183 1150 3263 Pedes

85 3305 294 3382 anteriores
308 3303 515 3393 flavolulvt
534 3302 838 3383 troobanteribus
851 3321 891 3382 et
905 3304 1008 3380 coxis
1024 3305 1151 3394 flavis3

86 3425 227 3528 postici
242 3423 345 3498 coxis
360 3439 400 3500 et
412 3421 717 3501 trochanteribus
731 3425 848 3516 flavis,
875 3439 1019 3529 puncto
1031 3424 1151 3500 basuli

87 3545 213 3646 nigro,
254 3541 461 3620 semoribus
495 3543 628 3633 fulvis,
668 3545 774 3622 tibiis
807 3546 956 3622 sordide
970 3543 1149 3635 -albidis,

85 3657 196 3764 apice
217 3679 258 3738 et
277 3661 359 3739 basi
379 3663 513 3752 fuscis,
540 3662 650 3738 tarsis
664 3662 792 3742 fuscis.
845 3663 1049 3745 Abdomen
1067 3689 1151 3766 seg·

85 3799 216 3859 mento
239 3792 257 3860 1
285 3799 429 3884 puncto
448 3782 596 3860 minuto
614 3785 790 3861 exalbido
814 3801 902 3878 ante
924 3786 1149 3888 marginem

85 3908 201 3981 2-4
221 3905 367 3982 nucula
389 3904 589 3980 straminea
618 3918 704 3980 ante
724 3906 946 4006 marginem,
982 3903 1151 4006 margine

87 4023 173 4124 ipso
193 4021 448 4112 subtestaoem
477 4035 502 4104 3
522 4039 561 4100 et
578 4029 603 4106 4
625 4023 705 4100 basi
726 4025 1095 4104 stramiaco-albida.
