2736 4630
299 261 397 316 ssu.
425 245 460 331 Ι,
487 262 603 316 suen.
630 264 655 316 ι.
684 261 957 318 esmrornrx.
1082 239 1158 320 tte

94 428 223 508 eutice
261 428 488 533 plerumque
532 425 909 518 tumido-convexa,
953 424 1158 504 latitudine

87 549 216 654 -peulo
230 548 420 650 longiore,
443 547 564 625 rarius
582 547 662 626 fere
681 547 882 624 latitudine
897 545 1157 650 longitudinis,

94 670 274 750 breviore
287 683 326 746 et
339 668 459 772 duplo
472 669 610 749 latiore
629 695 744 773 quem
757 667 943 771 petiolus;
969 665 1160 744 rarissime

96 805 296 893 segmento
315 801 400 866 toto
420 788 643 881 sublineeri,
670 803 778 894 purte
798 787 922 864 eutice
935 787 1015 864 fere
1028 785 1160 862 latitu-

94 910 188 988 dine
216 907 336 1013 duplo
361 909 552 1013 longiore,
585 895 822 1012 longitudine
849 907 1003 1012 petioli,
1036 931 1159 1008 eoque

95 1032 217 1134 paulo
243 1029 392 1108 latiore.
444 1031 616 1110 Aculeus
634 1029 754 1105 rarius
776 1028 922 1106 dimidii
948 1023 1161 1103 abdominis

93 1145 359 1253 longitudine,
387 1149 655 1253 utplurimum
676 1147 833 1224 dimidio
852 1146 1051 1223 abdomine
1075 1143 1161 1222 lou-

99 1272 197 1374 gior,
214 1257 787 1360 subsursuruourvetus,terebru
801 1284 973 1346 sostenes
986 1281 1051 1342 eut
1062 1263 1158 1340 rufe.

155 1457 157 1462 .
177 1391 304 1466 Mores
318 1387 527 1466 etminas
547 1389 633 1493 cepi
654 1389 754 1466 eirea
768 1389 1052 1467 Heimstadium
1066 1385 1163 1462 Got-

99 1516 251 1610 tingom
272 1525 312 1585 et
324 1510 365 1585 in
377 1510 597 1616 Hercynio,
622 1509 812 1586 mensibus
830 1504 1161 1611 Meji-Augusti,

98 1629 145 1707 iu
163 1631 352 1706 fruticetis
374 1645 413 1706 et
433 1630 660 1708 umbelletis.
714 1628 864 1720 Plures,
892 1629 992 1703 circe
1013 1625 1164 1702 Beroli-

100 1765 214 1841 num,
244 1749 528 1841 Warmbrunn,
552 1747 861 1838 Sinkersbeusen,
892 1743 1164 1828 Vindobonom

100 1869 327 1946 etGenuum
339 1869 431 1947 lecti
449 1897 597 1946 meeum
617 1867 883 1946 communicati
900 1881 997 1944 sunt.
1051 1865 1162 1938 Prae-

99 2004 208 2066 tereo
241 2015 360 2066 mares
394 1989 574 2095 quosdam
605 1989 706 2092 cepi,
746 2005 875 2068 mense
915 1987 1004 2062 Iulii
1040 2007 1162 2087 prope

99 2107 358 2200 Scheidnich,
389 2135 518 2186 meuse
546 2109 758 2212 Septembri
790 2133 911 2214 prope
937 2107 1164 2209 Traiectum

102 2229 163 2313 ad
185 2231 227 2309 V
224 2229 394 2321 iodrum,
420 2230 462 2306 iu
487 2229 693 2321 fruticetis,
720 2229 891 2331 duosque
917 2253 940 2303 e
963 2228 1004 2305 V
1002 2225 1164 2329 olbynia

103 2349 256 2452 accepi,
281 2349 444 2428 feminee
465 2351 580 2428 etiem
600 2349 822 2448 nonnullee,
849 2348 949 2423 eirca
967 2349 1008 2426 V
1006 2347 1165 2422 rotislo·

103 2474 207 2548 viam
219 2469 364 2574 Netley
377 2487 415 2546 et
430 2470 471 2548 in
484 2473 650 2571 Regione
663 2469 950 2549 Pedemontena
962 2466 1095 2557 lectae,
1116 2463 1165 2540 ed

102 2615 169 2668 me
187 2589 426 2667 transmissae
446 2606 544 2666 sunt.

490 2814 781 2890 Varietatesz

187 2957 220 3029 1.
256 2953 380 3026 coxis
409 2956 550 3028 enticis
576 2948 683 3050 rufis.
710 2977 759 3025 m.
783 2947 810 3026 f.
844 2989 897 3006 -·-
928 2945 1051 3025 Pedes
1080 2945 1163 3034 rufi,

106 3069 211 3146 ooxis
231 3069 505 3173 posterioribus
525 3085 564 3146 et
592 3067 894 3146 trocbanteribus
918 3065 1078 3168 posticis
1107 3065 1165 3139 ui·
1233 3053 1236 3060 ’

106 3189 194 3292 gris.
221 3233 275 3247 -
300 3189 456 3266 Caetera
477 3189 577 3266 siout
595 3190 636 3266 in
660 3189 801 3293 speciei
821 3187 1006 3289 genuinae
1025 3184 1165 3262 indivi-

106 3311 192 3386 duis
222 3309 407 3411 plurimis.
461 3311 617 3385 Femina
650 3323 791 3398 temen,
827 3305 1025 3382 abdomine
1048 3306 1164 3410 peulo

105 3431 300 3521 crassiore,
327 3429 520 3532 ereliquie
534 3429 673 3520 differt,
693 3429 934 3532 mediumque
947 3443 1054 3503 tenet
1067 3426 1167 3502 inter

106 3549 205 3626 bunc
219 3549 392 3653 speciem
413 3561 453 3626 et
469 3551 651 3652 quaedam
670 3549 863 3628 individue
884 3555 1016 3653 camp.
1032 3545 1166 3640 albidi,

106 3699 143 3748 u.
163 3681 224 3751 13.

183 3789 330 3866 Marem
361 3788 464 3893 cepi,
505 3817 632 3868 mense
663 3791 838 3894 Augusti,
875 3789 915 3865 in
948 3789 1165 3865 umbelletis

105 3935 229 4012 prope
253 3911 493 3998 Solzbrunn,·
523 3911 717 4004 feminam,
752 3913 852 3989 cirea
878 3912 1052 3992 Genuam
1079 3937 1168 4016 oap-

107 4045 201 4123 tum,
229 4057 255 4108 a
273 4031 439 4136 Spinoln
463 4030 558 4108 mibi
585 4031 701 4115 misit.
