2726 4634
642 253 846 304 BANGHUS

292 895 422 999 Caput
441 893 557 970 breve
582 905 850 984 transversum,
884 881 1039 970 thorice
1066 891 1183 996 paulo
1209 915 1276 966 an·
1347 942 1348 1022 l

215 1014 374 1118 gustius.
402 1057 454 1072 -
487 1014 603 1092 Oculi
620 1010 748 1089 orales
773 1009 1083 1106 subrenilormes,
1115 1011 1277 1092 Bouclro
1347 1071 1348 1076 ,

216 1149 429 1216 tomentoso
457 1130 688 1234 subglobosi.
731 1173 784 1191 -··
821 1135 1024 1212 Anteuuuc
1054 1135 1276 1226 medioeres,

215 1256 324 1360 apice
338 1269 513 1332 curvatae
526 1266 592 1328 aut
603 1251 808 1328 involutae.
827 1295 875 1311 -
899 1254 1041 1330 Harum
1053 1267 1093 1330 et
1104 1261 1278 1360 partium

213 1381 295 1453 oris
307 1372 599 1476 descriptionem
612 1371 883 1449 accuratiorem
896 1371 937 1448 in
950 1386 1039 1448 nota
1054 1373 1146 1448 adB.
1162 1373 1279 1447 salcu-

213 1511 337 1573 torem
357 1491 526 1596 exposui.
548 1533 601 1556 -·
623 1489 794 1581 Thorax
808 1493 964 1593 gibbus„
982 1533 1036 1552 -
1059 1494 1278 1572 Scutcllum

214 1615 443 1719 triangulare
470 1609 577 1715 apice
602 1611 759 1704 obtuso,
786 1613 941 1714 gibbum
966 1627 1031 1694 aut
1056 1637 1278 1704 convexum,

213 1736 389 1842 plurimis
410 1757 521 1835 supra
542 1732 715 1808 acumine
735 1732 1052 1808 retro-inclinato
1078 1749 1276 1812 armatum.

213 1901 266 1920 -·
284 1849 546 1954 Alueamplae
559 1866 624 1930 aut
638 1849 864 1942 mediocress
891 1853 1017 1930 areola
1032 1854 1175 1956 majore
1189 1855 1279 1930 sub·
1349 1858 1350 1940 l

212 1975 394 2052 rhombea
421 1967 707 2074 subirregulari,
741 1973 906 2050 cellulae
937 1973 1130 2080 interioria
1158 1997 1276 2050 nervo

214 2095 395 2176 inferiore
409 2092 596 2174 exteriore
610 2105 716 2170 recto
731 2107 798 2168 aut
812 2095 1048 2172 subarcuato.
1074 2135 1127 2158 -ν-
1152 2093 1277 2172 Pedes

212 2215 422 2294 mediocres
451 2227 516 2290 aut
534 2209 713 2315 elongati.
741 2253 794 2272 --
824 2213 1026 2294 Abdomeu
1050 2213 1199 2303 sessile,
1227 2215 1274 2292 B.

214 2335 421 2412 monileoto
436 2333 655 2424 subsessile3
689 2333 796 2413 laeve
810 2334 989 2426 nitidum,
1021 2331 1176 2410 thorace
1189 2335 1276 2411 lon·
1350 2327 1351 2330 ‘

210 2453 295 2556 gius
318 2452 579 2556 etangustius‚
606 2451 725 2532 rarius
736 2452 902 2531 thoracis
916 2453 1136 2544 latitudine;
1163 2455 1276 2534 dorso

209 2599 430 2664 convexum,
457 2573 576 2650 rarius
592 2574 800 2652 carinatnm
826 2573 890 2674 (B.
907 2575 1153 2676 monileoto),
1179 2577 1276 2651 late·

209 2693 315 2776 ribus
345 2717 620 2796 compressum,
651 2709 784 2776 ventre
811 2693 1038 2786 carinarum
1072 2693 1275 2799 segmentis

211 2811 357 2894 ultimis
383 2813 609 2918 plerumque
627 2813 720 2892 totis
740 2815 964 2917 compressis
991 2829 1031 2892 et
1056 2813 1141 2915 ipso
1161 2814 1275 2893 dorso

208 2932 397 3015 carinatis.
459 2936 705 3036 Segmentum
730 2939 898 3038 primum
923 2934 1100 3038 plurimis
1126 2934 1275 3037 apicem

209 3079 338 3130 versus
353 3053 490 3131 sensim
503 3057 618 3158 paulo
632 3053 847 3144 dilatatum,
875 3053 1069 3131 nonnullis
1083 3053 1274 3132 canalicu-

206 3171 347 3265 latum,
381 3173 593 3258 tuberculis
613 3174 833 3256 lateralibus
855 3172 1045 3265 sabasia,
1079 3199 1145 3252 seu
1172 3173 1273 3252 inter

206 3291 305 3368 hane
329 3307 369 3372 et
396 3295 581 3387 medium,
609 3293 710 3382 sitis3
755 3294 799 3371 B.
824 3297 1031 3372 monllcuto
1052 3309 1179 3370 autem
1196 3292 1272 3370 hoc

206 3427 440 3516 segmentum
474 3429 532 3496 est
562 3412 767 3498 subsessile
798 3413 993 3515 angustius
1026 3413 1270 3516 aequilatum,

204 3533 413 3610 tuberculis
436 3533 656 3616 lateralibus
671 3533 789 3636 paulo
804 3534 905 3616 ultra
919 3533 1085 3612 medinm
1098 3532 1193 3612 sitis.
1215 3575 1269 3598 ι-

204 3655 376 3739 Aculeus
400 3651 500 3730 haud
519 3671 700 3736 exsertus.
1090 3655 1093 3662 ’

278 3771 452 3849 Difficile
471 3789 546 3865 est,
571 3800 693 3852 mares
714 3789 754 3850 et
769 3772 928 3855 feminas
944 3771 1150 3877 apartibus
1162 3773 1269 3876 geni·

202 3889 343 3972 talibus
363 3891 528 3968 externis
555 3893 793 3998 dignoscere,
827 3894 973 3998 quippe
993 3919 1091 3996 quae
1114 3893 1268 3996 utrique

201 4011 308 4094 saxu
326 4011 471 4095 similes
492 4026 596 4108 sunt,
624 4013 766 4120 stylum
788 4013 1068 4105 brevissimum,
1094 4012 1158 4123 vis
1176 4013 1265 4094 sub·
