2726 4634
202 197 277 274 844
581 177 613 262 ¹.
650 217 808 270 anssus

201 380 303 456 linea
321 378 561 458 transversali
580 381 759 482 marginis
785 377 943 458 dorsalia
969 377 1115 470 albid03
1142 387 1261 462 e--4

201 500 303 578 linea
322 499 446 575 media
458 501 704 579 transversali
724 500 1025 606 impressaquasi
1040 500 1260 590 dimidiatis,

200 635 308 720 parte
332 618 452 694 basali
480 609 688 697 scabrieula
714 647 847 726 opaca,
874 635 982 737 parte
1003 620 1142 722 apicali
1170 621 1263 696 niti-

200 737 325 828 diore;
366 746 391 816 6
423 751 462 814 et
492 741 716 844 7'margine
746 740 855 816 tenui
888 739 1034 831 albida,
1068 740 1262 816 interdum

200 859 458 935 subobsoleto.
523 861 694 939 Aculeus
732 860 993 951 brevissimus,
1034 858 1264 962 plerumque

199 977 453 1054 absconditus.
992 1003 995 1008 ·

254 1099 453 1194 Quaedam
463 1100 656 1178 individua
668 1101 758 1204 legi,
771 1127 900 1177 mense
914 1096 1025 1188 Iulio,
1044 1096 1143 1172 circa
1157 1099 1199 1176 V
1196 1125 1263 1174 ra·

199 1219 394 1295 tislaninm
408 1221 448 1296 in
461 1220 667 1312 fruticetis3
695 1249 810 1297 unum
824 1219 926 1322 cepit
942 1217 991 1296 ab
1007 1214 1204 1294 Ueclrtritz
1217 1217 1261 1292 in

198 1337 290 1438 pino
320 1339 495 1440 sylvestri
521 1366 641 1443 prope
667 1339 933 1440 Picbelsderg3
963 1337 1147 1414 nonnulla
1171 1337 1259 1428 alia,

126 1459 130 1466 ’
197 1455 298 1530 circa
315 1443 590 1551 Warmdrann,
609 1463 767 1566 Nieslsy,
787 1461 1075 1547 Hannoneram,
1087 1457 1262 1535 Sinkere·

196 1575 340 1657 baasen
354 1593 393 1658 et
406 1582 581 1662 Parisios
593 1595 720 1688 capta,
746 1579 841 1657 mihi
853 1579 965 1656 missa
979 1592 1079 1653 sunt.

580 1839 870 1915 varietates:

276 1977 310 2048 1.
338 1970 543 2072 Segmento
572 1981 590 2052 1
623 1989 708 2052 toto
733 1981 855 2074 nigro.
890 1969 917 2045 f.
952 2011 1004 2028 -
1035 1967 1260 2071 Longitada

195 2094 311 2166 2-4
325 2089 522 2168 linearum.
566 2097 705 2170 coxae
718 2091 1037 2169 et'troclranteres
1050 2090 1165 2165 antici
1179 2117 1259 2164 ma-

195 2207 341 2309 joribus
365 2210 570 2287 individuis
591 2215 688 2314 nigri
704 2227 806 2302 sunt,
835 2211 965 2287 subtus
981 2210 1076 2300 albi;
1102 2209 1260 2284 minori-

193 2329 266 2404 bus
287 2354 402 2406 coxae
420 2330 567 2406 anticae
588 2334 719 2407 subtus
738 2346 925 2407 testaceae
946 2344 1054 2417 sunt,
1079 2327 1257 2402 trochan-

194 2465 294 2526 teres
311 2465 437 2525 autem
448 2451 522 2527 toti
536 2451 706 2529 testacei.
723 2451 947 2527 -Caetera
964 2449 1064 2525 sicut
1075 2449 1117 2524 in
1131 2448 1259 2552 specie

121 2659 128 2677 .
194 2569 369 2673 genuina.

275 2689 470 2785 Quaedam
511 2690 588 2792 legi
623 2689 833 2780 individua,
873 2687 1065 2764 mensibus
1098 2684 1260 2760 Iunii-

192 2802 369 2909 Augusti,
397 2808 438 2883 in
458 2807 664 2899 fruticetis,
691 2809 810 2884 rarius
832 2807 871 2884 in
893 2805 1128 2896 umbellatis,
1156 2804 1258 2880 circa

195 2925 239 3006 V
236 2931 495 3018 ratislaniam,
528 2927 811 3016 Warmbrann,
838 2927 1083 3028 Gottingam,
1111 2927 1259 3000 Brans-

193 3053 334 3146 rigam,
362 3029 648 3126 Helmstadium
658 3077 672 3134 ;
698 3046 892 3148 quaedam,
914 3047 1014 3120 circa
1029 3049 1258 3150 Trajectum

193 3164 247 3242 ad
260 3167 443 3242 Moenum
459 3167 550 3243 etin
561 3169 728 3266 Regione
743 3165 1022 3270 pedemontana
1035 3181 1155 3268 capta,
1175 3191 1256 3270 me-

192 3309 278 3362 cunr
300 3286 574 3363 communicata
596 3301 694 3365 sunt.

204 3531 208 3550 ι
267 3500 304 3569 2.
331 3493 498 3573 Macula
513 3495 664 3597 faciali
692 3492 794 3571 alba.
822 3521 872 3568 m.
886 3489 914 3567 f.
942 3531 994 3548 -
1020 3493 1151 3594 Caput
1175 3513 1253 3580 ore,

190 3608 325 3686 orbitis
362 3613 560 3688 oculorum
600 3613 776 3702 internis,
816 3626 960 3713 puncto
1000 3625 1065 3686 aut
1106 3610 1255 3684 macula

188 3727 328 3820 faciali,
350 3731 458 3808 albis.
511 3733 716 3810 Antennue
729 3731 791 3807 vel
804 3745 908 3806 totae
923 3730 1062 3830 nigrae,
1084 3732 1145 3804 vel
1162 3727 1255 3802 arti·

189 3849 279 3924 culo
296 3858 315 3927 1
331 3851 462 3928 subtus
477 3853 576 3942 albo,
601 3851 771 3926 articulis
785 3851 945 3952 reliquis
958 3849 1148 3923 rarissime
1163 3847 1253 3923 sub·

188 3983 249 4048 tas
263 3969 499 4077 ferrugineis.
534 3971 703 4056 Tbortna
716 3971 819 4047 linea
833 3971 927 4047 flava
942 3981 1031 4045 ante
1044 3968 1122 4044 alas
1137 3967 1251 4100 raria-
