2668 4626
227 204 301 284 168
682 225 849 278 atmiis

475 390 611 466 Nota:

220 568 226 580 ·
301 528 408 606 Ichn.
430 529 657 606 lineatoriua
676 525 977 621 Theaetetus,
1011 559 1048 608 n.
1078 537 1168 624 56ss,
1195 535 1298 612 tho.

223 675 310 726 race
330 647 606 748 abdomincquc
621 647 748 748 nigris,
771 651 935 726 scutelle
952 667 992 728 et
1005 671 1297 754 segmentorum

223 767 454 878 marginibus
476 768 600 857 flavis,
627 767 702 842 huc
718 767 824 843 haud
845 787 1003 873 spectat.

528 1201 581 1266 sc.
625 1187 662 1260 Ρ.
695 1191 892 1260 oasim.
929 1217 981 1314 ‚¹¹2
1036 1168 1040 1177 '

422 1393 569 1466 Scutello
588 1407 621 1462 et
631 1395 840 1484 prothomcis
858 1395 958 1463 dorso
978 1402 1151 1482 castaneis,
1173 1401 1293 1470 flavo-

421 1497 570 1579 liuentis,
598 1498 738 1586 pedibus
764 1497 861 1574 ruiis,
892 1501 1115 1586 postet-iorum
1135 1505 1228 1570 tibiis
1250 1519 1293 1573 et

420 1602 517 1667 tarsis
537 1599 658 1670 susco-
638 1599 808 1700 -alboque
824 1597 1004 1684 annulatis,
1029 1604 1204 1672 oculorum
1222 1629 1291 1674 01-

420 1699 499 1768 bitis
523 1703 661 1772 internis
683 1701 775 1768 flavis
802 1714 857 1768 eut
873 1700 969 1786 rufis3
997 1704 1110 1774 aculeo
1129 1701 1290 1798 longitu-

422 1803 499 1875 dine
518 1805 646 1879 dimidii
664 1803 861 1872 abdominis.
903 1801 930 1874 f·

215 2061 466 2144 &Statura
480 2061 905 2166 etpropoatiopartium
919 2061 1287 2168 Pimplaerusatae,

221 2209 256 2259 n.
282 2191 349 2271 82,
381 2183 514 2258 aculeo
533 2199 659 2260 autem
677 2183 861 2284 longiore.

217 2303 518 2402 Longztudo
538 2310 628 2383 4
642 2303 724 2380 fere
744 2307 777 2381 5
794 2304 992 2382 linearum
1047 2310 1177 2410 Caput
1196 2309 1286 2409 pal-

215 2425 278 2527 ,pis
301 2424 439 2524 clypeo
459 2439 504 2512 et,
519 2423 652 2499 orbitis
673 2425 871 2500 oculorum
891 2423 1048 2502 internis
1068 2442 1106 2502 et
1134 2430 1285 2529 superis

218 2545 309 2621 ruiis
325 2558 390 2617 aut
405 2543 627 2620 stramineis.
675 2545 877 2621 Antenncc
894 2543 1039 2634 fuscae,
1060 2545 1190 2622 subtus
1204 2547 1285 2626 ier-

217 2663 395 2765 rugineae
416 2679 482 2737 aut
496 2661 611 2752 rufae,
630 2663 792 2740 articulo
815 2673 835 2743 1
855 2663 1046 2740 interdum
1060 2679 1143 2742 toto
1157 2668 1280 2746 iusco.

218 2785 387 2861 Thorax
406 2783 553 2858 macula
574 2783 722 2860 laterali
744 2799 784 2859 et
802 2784 914 2860 dorso
930 2784 1166 2888 prothorscis
1186 2791 1282 2864 rufis

217 2921 283 2982 aut
301 2904 500 2993 castaneis,
528 2903 716 2979 interdum
742 2904 810 2978 illa
830 2905 1018 2996 obsoleta,
1052 2905 1126 2981 hoe
1151 2923 1280 2986 autem

215 3026 342 3104 medio
363 3025 490 3126 nigr03
525 3039 653 3098 sutura
676 3039 763 3098 ante
784 3022 877 3114 alas,
905 3025 1047 3101 lineola
1070 3025 1166 3100 inire
1187 3029 1278 3118 alas,

215 3147 409 3248 alteraque
436 3143 854 3233 subscutel10,flavis.
914 3144 1129 3222 Scutcllum
1158 3161 1280 3222 casta-

129 3290 130 3293 ’
213 3293 345 3355 neum,
371 3262 539 3366 margine
558 3263 672 3353 flate,
705 3263 895 3338 interdum
920 3265 1073 3339 macule¹
1095 3265 1189 3340 disci
1217 3269 1277 3342 ni-

215 3411 291 3486 gra.
352 3385 456 3461 Alae
475 3381 883 3483 subfumatohyalinac,
915 3384 1089 3486 stigmate
1109 3401 1147 3460 et
1168 3387 1276 3462 radio

216 3503 350 3605 nigris,
376 3503 503 3578 radice
517 3518 557 3580 et
570 3503 766 3606 squamula
781 3501 1009 3593 stramineis,
1037 3506 1163 3580 areola
1181 3508 1276 3582 irre-

214 3623 337 3726 gulari
361 3623 564 3698 subsessili.
618 3621 742 3699 Pedes
759 3622 850 3711 rufi,
875 3621 990 3698 medii
1005 3623 1111 3699 tibiis
1132 3623 1274 3701 fasces-

215 3743 403 3832 ccntibus,
429 3742 509 3816 basi
532 3758 572 3818 et
592 3742 717 3818 medio
739 3741 1056 3818 sordide-albidis
1076 3757 1142 3816 aut
1159 3757 1274 3818 testa·

212 3865 311 3952 ceis,
346 3863 550 3940 introrsum
569 3861 661 3937 totis
682 3861 867 3952 testaceis,
894 3861 1004 3944 tarsis
1025 3862 1088 3938 vel
1105 3863 1273 3939 sordide·

215 3984 368 4073 albidis,
403 3982 650 4060 articulorum
676 3980 849 4086 apicibus
880 3979 1012 4074 tuscis,
1052 3984 1114 4058 vel
1142 3981 1269 4072 fuscis,
