2724 4630
461 185 694 254 ucrorrus.
1030 189 1107 264 299

76 367 389 446 nutabilcm'tassc.
450 364 605 442 Nullum
624 363 859 443 individuum
887 365 997 446 alteri
1025 396 1108 446 om-

76 488 162 562 nibus
181 485 354 564 numeris
372 487 592 587 responden
620 486 783 589 indeque
795 486 861 562 alii
874 491 1107 594 entomologi

75 603 147 682 banc
177 607 351 712 speciem
382 605 423 680 in
453 605 542 682 duas
575 607 751 710 pluresve
782 605 958 708 partituri
983 627 1105 689 erunt.

73 726 160 806 batt
177 751 385 806 numerum
397 724 529 800 harum
543 725 752 834 specierum
761 725 899 801 ualde
885 755 963 828 pam
978 733 1109 807 multi-

74 847 231 948 plicavit,
274 872 361 921 nam
397 845 588 922 individua
615 847 726 950 plura
758 841 947 924 unctoria·
987 851 1108 927 nostri

74 967 123 1040 sub
138 943 361 1044 nominibus
387 963 654 1042 chueunsonis
678 965 967 1058 accurtatoris,
1003 970 1109 1048 ῙοΙιιι.

71 1089 326 1184 praedatoris,
349 1083 571 1188 Lampridia
596 1087 658 1187 (ἕ)
685 1088 922 1186 singulaene,
952 1089 1110 1192 Lampr.
1183 1071 1188 1083 ’

44 1203 46 1230 '
71 1211 234 1296 ranulis,
254 1205 413 1306 Iampr.
436 1205 743 1308 nigrocephuloe,
755 1206 973 1284 transmisit.
1002 1208 1112 1284 Licet

72 1327 210 1428 quidem
224 1325 287 1400 bis
299 1324 443 1400 Dablio
461 1325 561 1401 baud
573 1325 775 1414 adsentiar,
800 1339 1114 1430 tamennonpos-

70 1470 135 1522 ιιιιιι
149 1459 395 1535 nonnotare,
421 1443 612 1522 individua
628 1446 712 1535 illa,
739 1443 1004 1522 metathoracis
1017 1448 1113 1524 late-

70 1567 157 1642 ribus
200 1579 244 1643 et
282 1565 394 1641 dorso
428 1565 772 1655 ssavo-maculatis,
810 1564 1115 1646 smchsnseriuus

68 1684 332 1787 posterioribus
357 1679 448 1760 totis
468 1685 590 1777 flavis,
622 1685 728 1762 tibiis
749 1685 883 1762 anticis
904 1703 1116 1765 extrorsum

68 1807 170 1884 tuscis
198 1808 325 1908 (quac
339 1820 449 1882 notae
470 1805 618 1882 scilicet
641 1829 770 1882 omnes
799 1807 840 1882 in
857 1805 991 1883 iisdem
1017 1806 1117 1883 indi-

67 1929 182 2004 uiduis
203 1925 430 2026 conjunctae
450 1926 573 2025 sunt),
600 1951 622 2000 a
644 1925 789 2003 Dahlio
809 1927 879 2004 sub
897 1925 1116 2005 denomina-

66 2046 228 2124 tionibus
248 2047 518 2124 chner'smonis·
533 2045 802 2125 acanttctoris
826 2061 868 2122 et
891 2047 1118 2150 Lampridia

70 2165 359 2269 nigroceplralue
369 2166 653 2256 communicata,
678 2167 779 2242 circa
795 2167 838 2246 V
835 2167 1064 2246 indotonam
1078 2183 1119 2244 et

66 2287 262 2368 crescam·
281 2301 408 2388 capta,
442 2305 513 2362 nec
540 2307 616 2361 non
644 2287 685 2361 in
712 2287 847 2362 Museo
879 2287 1118 2367 comitissis

67 2407 373 2512 Hoffmannscgg
391 2419 591 2496 asservata,
619 2431 639 2480 a
661 2406 819 2509 reliquis
837 2405 952 2512 hujus
974 2409 1118 2512 speciei

68 2529 264 2608 individuis
291 2526 406 2604 etiam
427 2539 566 2605 statura
583 2526 703 2629 paulo
720 2525 918 2619 crassiore,
945 2529 1118 2606 antennis

67 2649 297 2752 pedibusque
314 2647 430 2750 paulo
452 2646 712 2737 validioribus,
740 2670 780 2722 sc
798 2646 1039 2752 distinguere.
1064 2689 1118 2712 ····

69 2771 243 2854 euntem
262 2781 395 2848 notum
416 2767 463 2844 ad
489 2767 655 2874 speciem
683 2768 915 2872 sequentcru.

367 3151 399 3218 8·
441 3142 489 3210 Μ.
510 3141 829 3212 MICRATOBJUS.

260 3314 359 3384 Facie
383 3326 416 3380 ct
435 3325 740 3408 segmentorum1‚
769 3321 805 3396 3,
829 3320 865 3394 4,
888 3318 924 3394 5,
948 3311 1119 3402 fimargi-

260 3415 361 3483 nibus
373 3414 446 3484 flav
437 3441 479 3500 s
502 3417 640 3518 pedibus
656 3415 790 3517 tboaace
810 3427 843 3483 et
860 3407 999 3484 scutello
1014 3413 1119 3481 flavo-

260 3507 444 3587 maculatis.

141 3731 311 3810 Statura
331 3743 371 3804 ct
388 3725 587 3830 proportio
607 3725 773 3829 partium
792 3723 947 3801 omnino
967 3747 1122 3826 praece·

71 3845 204 3939 dentis,
229 3847 404 3926 antennis
424 3849 621 4000 paululans
634 3845 886 3950 longioribus,
913 3844 1039 3922 areola
1054 3867 1121 3946 pe·

72 3967 205 4049 tiolatc.
