2726 4634
278 208 380 258 ram.
410 191 454 258 11.
509 206 878 260 onrnocunrnus.
1032 191 1109 264 367

67 371 241 476 gibbulus.
295 376 400 452 Alae
412 371 586 475 hyalinae
599 370 750 463 irideae,
766 375 937 476 stigmate
951 387 990 448 et
1003 374 1110 450 radio

66 493 411 594 piceo-stramineis,
438 493 564 569 radice
581 508 619 568 et
632 492 826 595 squamula
841 494 987 571 albidis.
1040 497 1113 572 Pe-

68 615 125 691 des
137 615 361 700 mediocres;
389 612 594 688 anteriores
616 613 736 689 rarius
754 613 826 688 toti
842 616 1032 692 straminei
1045 629 1111 691 aut

66 735 227 823 testacei,
255 732 358 808 coxis
378 747 417 806 et
437 730 642 808 femoribus
663 732 750 835 plus
772 733 896 808 minus
916 735 1030 813 luscis
1046 751 1111 811 aut

68 854 344 957 nigricantibus,
378 853 600 954 praesertim
627 851 667 926 in
700 853 922 956 quibusdam
947 855 1109 946 seminis,

69 973 242 1050 interdum
258 973 339 1049 fere
359 972 450 1046 totis
470 970 597 1073 nigris,
618 971 722 1046 tibiis
737 973 845 1075 apice
857 973 1111 1066 luscescente3

69 1095 193 1195 postici
213 1093 333 1169 rarius
359 1093 515 1168 testacei
530 1092 634 1167 coxis
649 1092 739 1167 solis
753 1092 1044 1186 obscurioribus,
1067 1111 1111 1170 ut

69 1215 262 1314 plurimum
290 1211 387 1286 lusci
417 1225 481 1286 aut
513 1211 630 1313 nigri,
662 1211 963 1290 trochanteribus
992 1217 1111 1319 apice,

68 1333 174 1407 rarius
193 1331 296 1421 totis,
325 1331 546 1420 stramineis,
573 1330 779 1407 semoribus
795 1332 1018 1436 plerumque
1033 1335 1113 1412 basi

69 1467 240 1542 testacea,
266 1452 371 1526 tibiis
395 1451 604 1527 stramineis
620 1452 859 1552 apicelusco.
913 1454 1115 1534 Abdomen

72 1574 194 1675 capitis
215 1570 457 1672 thoracisque
469 1570 706 1672 longitudine
721 1587 761 1647 et
775 1571 993 1665 latitudine,
1020 1577 1114 1650 mari

71 1694 225 1784 lineare,
249 1691 412 1768 feminae
432 1691 577 1792 apicem
592 1719 721 1767 versus
734 1716 1006 1794 compressum3
1034 1722 1116 1798 seg·

68 1831 186 1890 mento
210 1823 230 1894 1
252 1811 454 1888 latitudine
476 1810 555 1886 lere
576 1813 695 1914 duplo
713 1811 902 1914 longiore,
929 1811 1009 1890 basi
1028 1815 1116 1891 sub-

69 1933 290 2034 augustiore,
325 1931 572 2034 impressione
610 1933 850 2008 transversali
881 1931 1118 2010 distinctione

71 2067 127 2127 ant
149 2051 390 2128 obsoletiore.
443 2053 615 2129 Aculeus
638 2051 888 2127 subexserms.

137 2173 261 2248 Mares
288 2171 521 2274 feminasque
548 2173 677 2273 plures
700 2172 868 2273 Monger
893 2171 996 2274 cepit
1016 2171 1117 2285 circa

75 2291 335 2371 Wurmbruun;
