2770 4630
679 241 849 296 OPHKON
901 283 904 290 .

552 533 608 602 aa
649 523 687 595 c.
707 520 964 600 narraras,
1078 471 1081 476 ’

428 725 614 794 Abdomine
642 725 911 814 subcompress03
956 726 1132 812 segmentis
1159 737 1182 800 2
1206 735 1239 792 et
1267 735 1290 806 3

427 829 589 917 margine,
630 829 844 916 sequentibus
872 825 1045 908 lateribus,
1079 825 1179 908 rufis,
1214 836 1291 890 tro·

427 929 637 998 chanteribus
657 942 691 996 et
714 930 806 997 coxis
830 929 1052 996 anterioribus
1065 927 1174 1009 flavis,
1196 925 1289 992 tibiis

429 1031 650 1099 anterioribus
672 1031 919 1118 femoribusque
939 1029 1055 1111 fulvis,
1079 1029 1168 1094 tibiis
1178 1029 1291 1118 posti-

374 1198 378 1214 ,
427 1135 475 1200 cis
505 1133 617 1204 medio
640 1131 789 1222 pallidis.
829 1157 874 1204 m.
909 1132 934 1202 s.
980 1129 1110 1220 (aculeo
1137 1127 1291 1218 longitu-

427 1233 505 1300 dine
525 1247 659 1324 quartae
680 1237 785 1326 partis
810 1235 1025 1324 abdominis),
1227 1239 1235 1248 '

279 1475 472 1566 ¹Statura
513 1487 553 1554 et
585 1475 785 1582 proportio
818 1477 984 1580 partium
1018 1471 1218 1575 rufieabctt
1249 1487 1293 1550 et

225 1603 375 1687 sanati,
401 1623 437 1674 n.
459 1602 509 1674 87
531 1609 571 1672 et
590 1603 658 1688 893
691 1599 827 1679 aculeo
846 1613 972 1679 autem
997 1595 1181 1697 longiore.

300 1716 522 1817 Longitudo
559 1716 621 1816 1⁴),
641 1729 733 1800 -8
766 1719 965 1798 linearum.
1033 1719 1161 1820 Caput
1188 1712 1290 1790 lania

225 1837 387 1927 semesa,
426 1837 552 1942 palpis
590 1851 631 1916 et
667 1838 896 1916 mandibulis
929 1833 1286 1916 flavo-stramineis.

225 1959 330 2038 Alae
349 1955 526 2058 hyalinae
547 1969 613 2032 aut
633 1957 898 2060 subbyalinae,
925 1957 1100 2059 stigmate
1121 1967 1161 2030 et
1178 1953 1288 2029 radio

223 2075 341 2154 luscis
369 2092 435 2154 aut
462 2073 598 2178 piceis,
631 2077 759 2158 radice
785 2094 824 2156 et
844 2079 1037 2181 aquamola
1056 2075 1289 2162 stramineis3

224 2198 351 2280 areola
378 2195 540 2298 regulari
561 2196 754 2298 petiolata.
814 2197 938 2278 Pedes
957 2197 1059 2274 coxis
1087 2193 1290 2274 anteriori-
1381 2275 1382 2291 ,

223 2314 295 2392 bus
320 2317 427 2393 flavis
447 2330 513 2394 aut
535 2314 670 2408 fulvis,
698 2317 888 2399 interdum
907 2317 986 2396 basi
1010 2317 1136 2421 nigris,
1165 2313 1289 2418 posti-

224 2437 280 2514 ris
302 2436 435 2540 nigris3
469 2434 773 2516 trochantaribua
794 2437 1045 2518 anterioribus
1076 2435 1194 2526 flavis,
1216 2459 1290 2536 po·
1380 2491 1381 2545 ,

223 2557 329 2634 atieis
356 2556 472 2659 nigris
499 2556 608 2658 apice
637 2557 750 2649 flavo,
784 2559 915 2636 subtus
944 2561 1168 2661 plerumque
1191 2555 1286 2632 totis

222 2676 347 2766 flavis3
379 2675 585 2754 semoribus
612 2675 727 2756 lulvia
752 2694 819 2756 ant
842 2678 1098 2766 rufo-fulvis,
1124 2676 1286 2780 posticis

223 2821 493 2898 nonnunquam
517 2823 659 2876 summa
673 2799 753 2874 basi
767 2798 888 2901 nigra,
915 2799 1020 2876 tibiis
1034 2795 1287 2879 anterioribus

223 2914 528 3020 pallide-fulvis
553 2933 620 2996 aut
644 2920 950 3010 flavescentibus,
984 2917 1142 3023 posticis
1166 2915 1287 3017 nigris
1378 2939 1379 3010 ζ

223 3053 289 3114 aut
314 3035 448 3128 luscis,
482 3037 609 3115 medio
636 3037 732 3116 albis
755 3055 820 3118 aut
845 3038 1142 3126 rarescentibas3
1174 3035 1288 3116 ursis

223 3155 380 3260 posticis
408 3157 527 3260 nigris
552 3175 619 3234 aut
640 3157 775 3249 fuscis,
817 3159 978 3236 articulo
1009 3167 1028 3236 1
1057 3157 1179 3234 rarius
1204 3153 1288 3230 lere
1377 3177 1378 3216 t

222 3291 307 3353 tato
344 3277 450 3366 albo,
490 3277 598 3381 apice
624 3279 744 3382 nigro.
798 3279 1001 3360 Abdomen
1025 3273 1288 3379 segmentis

222 3412 263 3474 et
278 3407 302 3476 3
315 3396 482 3500 margine
495 3397 905 3490 rubricoso-castaneo,
933 3395 1178 3502 sequentibus
1194 3421 1289 3472 ren·

220 3531 317 3594 trem
342 3543 471 3594 versus
500 3519 677 3624 utrinque
698 3521 801 3599 ruiis.
852 3521 1024 3600 Aculeus
1044 3515 1288 3618 longitudino

222 3651 377 3738 quartae
398 3637 517 3741 partis
539 3638 765 3732 abdominis,
793 3640 917 3744 niger,
945 3637 1285 3724 subsursum-our-
1375 3685 1376 3712 t

223 3773 340 3834 vatus.

296 3877 509 3954 Nonnullos
541 3904 662 3956 mares
690 3893 729 3956 et
759 3878 917 3958 feminas
953 3875 1047 3977 legi,
1089 3871 1282 3951 mensibus

220 3997 363 4075 laliiet
376 3999 545 4101 Augusti,
572 3999 672 4076 eirea
687 3999 913 4100 Gottingum
928 4011 966 4075 et
981 3993 1283 4085 Hetmstadiam,
