2744 4628
672 225 840 281 oraton

510 517 584 584 171.
625 505 662 577 P.
682 503 930 575 DISSIMILIS.
970 525 1008 578 n.

429 675 571 744 Pedibus
583 676 744 758 testaceis,
767 677 857 742 coxis
874 675 991 758 fuscis,
1013 697 1072 742 ore
1088 673 1290 743 rufescente.

429 801 475 846 m.
488 777 513 846 f.
556 781 646 864 (mos
657 779 808 844 antennis
820 777 935 844 subtus
948 801 1061 844 versus
1074 778 1171 845 basin
1185 791 1290 845 testa-

430 880 513 964 ceis,
535 892 704 970 segmento
725 880 870 948 secundo
887 879 1044 948 lateribus
1066 883 1182 972 picco3
1199 885 1289 970 fens.

430 978 610 1049 femoribus
631 983 768 1073 posticIs
788 981 906 1068 fuscis,
928 981 1044 1050 aculeo
1063 983 1184 1068 brevi).

531 1205 813 1311 Descriptio
838 1203 992 1284 maris:

307 1339 477 1420 Statura
491 1355 530 1418 et
542 1341 740 1446 proportio
755 1341 919 1446 partium
925 1343 1134 1447 jocotoris,
1148 1367 1184 1415 n.
1205 1344 1288 1427 170,

229 1461 455 1552 saltatoris,
480 1490 518 1536 n.
544 1469 636 1552 178,
663 1478 702 1539 et
721 1459 998 1554 moderatoris,
1023 1489 1059 1538 n.
1077 1467 1163 1540 177.
1216 1457 1289 1533 Hic

230 1605 309 1655 mas
330 1581 495 1658 medium
516 1595 624 1658 tenet
641 1581 742 1660 inter
760 1582 867 1672 illos,
893 1607 1035 1684 eosque
1053 1580 1213 1681 jungere
1231 1576 1290 1654 vi-

229 1699 554 1804 detur;.quamvis
577 1701 678 1777 enim
696 1729 718 1777 a
733 1705 950 1793 saltatore,
980 1702 1153 1780 antennis
1173 1698 1291 1801 paulo

232 1819 484 1922 longioribus,
519 1847 539 1897 a
554 1824 755 1925 jocotore,
789 1823 919 1900 colore
936 1820 1154 1900 obscuriore
1174 1819 1291 1896 abdo-

231 1939 343 2016 minis
376 1946 416 2016 ct
448 1941 705 2042 magnitudine
722 1941 936 2035 inferiore,
976 1969 997 2021 a
1032 1942 1288 2030 moderatore,

233 2059 363 2136 colore
394 2061 534 2163 pedum
562 2078 602 2141 et
628 2077 873 2139 antennarum
904 2087 1077 2140 necnon
1100 2060 1292 2162 magnitu-

232 2179 322 2258 dine
347 2181 544 2274 inferiorc,
568 2183 791 2283 discrepet,
824 2199 950 2260 tumen
966 2181 1078 2274 ,haud
1102 2182 1291 2258 oblivion-

232 2299 322 2374 dum
345 2317 419 2391 est,
447 2327 576 2378 omnes
594 2304 682 2380 illas
702 2317 809 2380 notas
823 2303 1097 2380 mutationibus
1107 2301 1291 2378 obnoxias

232 2445 332 2510 erse,
360 2420 416 2497 uti
438 2445 461 2497 e
479 2423 797 2527 descriptionibus
815 2419 1026 2526 specierum
1039 2422 1169 2500 videre
1181 2422 1289 2499 licet.

233 2539 390 2618 Femina
411 2555 538 2618 autern
557 2543 647 2619 satis
669 2545 718 2619 ab
737 2543 893 2620 illorum
912 2539 1064 2618 feminis
1082 2541 1225 2622 differt

308 2660 682 2764 Longitud01—1½
706 2663 903 2760 linearum.
945 2661 1152 2766 Copdtore
1168 2659 1292 2738 rufes-
1356 2739 1357 2772 ἶ

232 2795 354 2862 cente.
413 2784 616 2866 Anteunne
635 2782 765 2865 subtus
790 2782 899 2865 basin
923 2801 1052 2861 versus
1077 2781 1210 2884 piceae
1225 2795 1292 2859 aut

231 2903 666 2981 testaceo-stramineos.
704 2901 1029 3005 =Aluehyalinae,
1057 2902 1231 3004 stigmate
1249 2918 1291 2979 et
1356 2883 1357 2976 i

121 3039 125 3052 '
231 3025 338 3104 radio
365 3023 479 3102 fuscis
500 3037 565 3098 aut
585 3024 721 3125 piceis,
751 3025 877 3104 radice
896 3039 935 3100 et
955 3023 1149 3125 squamula
1168 3022 1291 3129 piceis

233 3159 298 3222 aut
320 3143 544 3222 stramineis.
596 3146 719 3223 Pedes
736 3144 910 3234 testacei3
937 3143 1040 3219 coxis
1061 3143 1194 3234 fuscis,
1222 3170 1290 3219 an·

232 3265 434 3346 terioribus
449 3265 578 3342 subtus
597 3265 785 3342 testaceis.
836 3261 1039 3343 Abdomen
1053 3275 1290 3370 segmento2

231 3385 414 3470 lateribus
430 3383 550 3498 piceis
568 3399 635 3466 aut
651 3384 982 3495 piceo-testaceis.

494 3605 773 3709 Descriptio
799 3605 1019 3682 feminast

300 3746 471 3825 Statura
490 3757 530 3822 et
544 3743 743 3846 proportio
756 3745 921 3847 partium
940 3745 984 3820 P.
1003 3743 1159 3821 uestitu
1175 3743 1289 3822 femi·

230 3893 319 3958 nae,
347 3897 385 3945 n.
408 3873 499 3954 161,
520 3864 667 3970 petiolo
681 3879 807 3945 umen
825 3865 999 3969 longiore
1019 3879 1058 3944 et
1072 3864 1287 3970 graciliore,

229 3981 710 4070 aculeoautembreviore.
1356 3995 1357 4010 ¹
