2770 4630
221 229 296 300 602
664 242 827 292 ossius

218 396 342 486 minus
360 406 475 509 nigris
496 419 565 482 aut
584 403 825 507 nigrofuscis,
852 405 1040 484 rarissime
1053 405 1277 509 totis-nigris

218 544 284 605 aut
306 526 499 616 testaceis3
525 526 642 602 medii
661 526 770 602 coxis
799 525 1104 606 trochantcribus
1131 543 1171 603 et
1190 527 1278 604 basi

219 675 285 725 seu
303 649 422 726 latere
444 671 612 725 convexo
635 645 821 722 femorum
846 646 980 749 nigris,
1009 672 1278 750 nonnunquam

217 769 423 846 femoribus
444 767 689 882 aigcis'apice
711 768 904 845 luteuaut
923 767 1025 857 rufo,
1052 768 1152 850 masi·
1166 767 1279 848 mats-

218 889 313 966 sime
339 887 430 964 totis
457 888 581 976 flavis,
610 885 934 966 asisinatensium
965 886 1104 976 fascias
1136 883 1294 989 postici·

216 1007 325 1110 nigri,
341 1007 547 1084 semoribus
561 1005 786 1108 plerumque
799 1005 907 1108 apice
917 1005 1084 1084 rufaaut
1097 1021 1276 1094 testaceam

215 1127 322 1202 tibiis
355 1127 417 1202 vel
449 1127 544 1202 totis
575 1127 768 1214 testaceis,
797 1127 865 1204 -vel
892 1126 1075 1227 testaceis·
1094 1126 1279 1228 fissisque

216 1246 323 1348 spice
336 1246 425 1348 plus
434 1247 558 1322 minus
571 1244 679 1322 fusco
693 1259 759 1322 aut
773 1242 876 1334 rufo,
900 1245 1278 1330 tarsisfuscesaanti-

213 1366 297 1442 bus.
340 1365 543 1446 Abdomen
561 1362 1276 1466 segmentoaveltuuesctasiaigra

214 1486 277 1562 vel
298 1487 408 1588 aigro
426 1489 534 1590 apice
555 1501 595 1562 ct
610 1495 762 1573 uentre,
789 1495 855 1560 aut
879 1485 963 1563 solo
979 1501 1134 1573 uentre,
1159 1497 1278 1561 testa·

215 1605 302 1696 ceis,
330 1606 448 1682 rarius
464 1607 581 1697 flavis
609 1605 723 1684 3-5
738 1603 1135 1694 testaceiaiatestium
1148 1604 1278 1705 flavias·

213 1727 524 1829 finonnunquam
545 1721 866 1826 margine-sigma
889 1723 1011 1801 rarius
1031 1726 1155 1825 nigro,
1180 1724 1275 1814 basi,

214 1860 280 1920 aut
296 1845 480 1921 lateribus
494 1844 601 1920 basin
616 1871 754 1935 versus,
774 1843 961 1935 testaceis,
980 1843 1277 1923 rarissimesoiis

213 1963 394 2040 lateribus
410 1964 500 2039 rufis
519 1978 586 2038 aut
603 1977 687 2040 toto
702 1963 826 2066 nigr03
853 1964 1079 2046 tristissime
1093 1962 1200 2068 apice
1215 1962 1278 2038 ni-

214 2109 294 2186 gro,
348 2085 519 2164 Aculeus
537 2083 728 2185 perbreuis
750 2084 868 2187 niger.
902 2109 906 2118 “

290 2201 413 2276 Mares
436 2203 670 2306 feminasque
693 2204 839 2305 accepi,
867 2204 967 2280 circa
999 2202 1277 2296 Wcrmbrunn,

134 2379 138 2392 .
210 2315 453 2414 Ber‘olinum,
478 2322 751 2400 chnoveram
772 2340 811 2401 et
832 2325 872 2402 in
885 2327 1050 2424 Reginae
1063 2323 1276 2402 Pedemon-

214 2457 308 2517 tanc
328 2441 459 2518 lectos.
513 2444 707 2518 Praeterea
727 2469 804 2518 mas
828 2471 874 2520 ex
894 2447 1082 2535 Etruria,
1108 2444 1276 2520 nonnul-

211 2561 349 2663 lacque
363 2561 536 2649 feminae,
563 2562 1058 2652 cireaHalam'Saaeonam‚
1085 2564 1275 2654 Genuam,
1378 2563 1379 2598 ³

210 2683 355 2786 Netley
375 2696 414 2756 et
435 2681 476 2756 in
492 2683 698 2782 Hungusic
720 2684 859 2772 lectae,
886 2683 933 2760 ad
952 2709 1013 2758 me
1032 2683 1275 2760 transmissae

211 2814 311 2876 sunt.
365 2799 562 2876 Indiuidua
584 2803 792 2903 Netleyana
813 2817 1004 2904 segmento
1020 2804 1044 2880 5
1059 2816 1140 2877 toto
1162 2801 1273 2904 nigro
1377 2886 1378 2907 χ

210 2911 414 3022 areliquis
433 2919 626 3000 differunt.
678 2925 768 3024 Ipse
789 2923 968 3025 quasdam
994 2922 1071 3024 legi
1099 2921 1271 3011 feminas,

210 3041 403 3118 mensibus
430 3039 531 3116 Iunii
557 3055 596 3118 et
622 3043 870 3144 Septembris,
898 3041 996 3126 ‚circa
1021 3039 1274 3132 Seteidmct,

208 3161 248 3238 in
259 3158 447 3236 fruticetis
464 3175 504 3237 et
523 3159 564 3237 in
583 3162 727 3239 truncis
749 3189 974 3266 quercuum,
1001 3185 1178 3250 necnon,
1205 3161 1272 3238 die

206 3289 259 3362 27
277 3281 454 3381 Augusti,
482 3281 523 3358 in
550 3282 746 3362 cacumine
772 3282 912 3360 montis
939 3275 1203 3386 Resstrueger,
1229 3279 1270 3358 in

208 3400 360 3506 pinetis.
456 3503 459 3510 .

591 3624 879 3702 Varietatcs:

287 3766 319 3836 1.
346 3757 571 3840 Femcribus
586 3761 721 3840 mediis
732 3765 826 3864 sere
840 3765 934 3838 totis
947 3763 1133 3837 testaceis.
1160 3757 1187 3833 f.
1215 3799 1269 3818 --

205 3877 426 3978 Longitudo
452 3880 568 3981 paulo
598 3882 697 3958 ultra
725 3891 748 3960 7
778 3881 907 3956 lineas.
963 3881 1066 3956 Alae
1091 3876 1268 3978 stigmate

205 3999 331 4078 radice
344 4015 384 4076 et
397 4003 592 4103 squamula
605 4000 839 4103 ferrugineis,
864 4000 970 4078 radio
984 3997 1108 4085 susem
1135 3999 1263 4082 areola
