2764 4628
388 231 393 242 ·
491 195 680 262 ranm'tn
707 193 826 261 11.‘
1074 194 1157 272 849:

93 377 221 452 maris
236 371 367 450 subtus
388 371 551 452 articulo
575 382 595 454 1
619 359 724 466 albo,
755 381 783 458 Ξ
802 383 841 453 et
859 383 884 456 8
906 355 1150 480 faragineim

78 497 262 630 sentinae
286 483 475 580 interdum
503 479 673 572 articulis
702 501 815 576 1—a
842 487 972 572 subtus
990 489 1153 612 ferrugi
1196 551 1199 556 -

92 615 188 690 neis.
244 613 413 693 Thorax
438 615 530 692 oolli
559 613 741 692 lateribus
780 630 820 691 et
846 629 977 694 satura
1001 606 1150 698 laterali

91 733 194 812 inter
212 734 477 838 prothoracern
504 713 544 813 et
567 734 860 812 metathorucem
897 735 1010 829 albis,
1042 738 1153 818 fami·

94 882 165 931 nae
188 855 308 930 rarius
336 855 638 932 substramineo·
654 855 794 960 piceis3
833 855 937 931 eollo
964 857 1153 935 interdum

93 971 226 1049 subtus
239 991 416 1052 castaneo
430 991 495 1052 aut
515 975 580 1076 (in
593 1001 695 1052 mare
708 974 899 1076 maximo)
918 977 1017 1053 albo.
1051 961 1155 1058 Alae

94 1094 337 1170 sublumato-
341 1095 534 1198 hyaliuae,
573 1095 680 1172 radio
707 1109 747 1173 et
767 1094 941 1197 stigmate
966 1098 1161 1189 testaceis,
1187 1149 1191 1155 -

93 1215 222 1292 radice
235 1231 275 1293 et
293 1217 488 1320 squamula
503 1215 655 1292 albido-
659 1197 780 1292 ilaris.
833 1214 958 1294 Pedes
973 1219 1063 1308 rufi;
1091 1245 1156 1294 an-

94 1335 255 1412 teriores
288 1337 408 1414 latere
440 1335 564 1411 infero
590 1358 768 1410 coxarum
800 1349 841 1412 et
872 1321 1155 1414 trochanterum

93 1457 204 1531 mari.
229 1482 394 1559 semper,
425 1455 589 1532 feminae
622 1454 827 1545 rarissime,
859 1453 1153 1560 pallide-flaro;

95 1575 236 1677 postici
261 1574 372 1652 tarsis
399 1575 582 1680 tibiisque
599 1575 716 1652 luscis
736 1589 801 1650 aut
821 1573 956 1676 nigris,
989 1575 1047 1652 his
1072 1575 1153 1653 basi

96 1695 339 1798 ferrugineis,
380 1695 557 1798 geniculo
588 1694 775 1772 femorum
807 1694 1004 1804 plerisque
1035 1695 1156 1800 nigro,

96 1813 261 1892 feminae
278 1815 468 1892 interdum
490 1815 697 1893 femoribus
717 1813 863 1918 apicem
883 1837 1012 1890 uersus
1030 1813 1158 1891 lusco-

98 1934 230 2037 nigris.
284 1937 455 2014 Aculeus
477 1935 676 2012 abdomine
695 1933 811 2038 paulo
827 1927 991 2011 brevior.

175 2055 360 2130 Nonnulli
375 2081 494 2132 mares
510 2071 550 2132 et
567 2054 732 2131 feminae
745 2056 845 2131 circa
862 2055 905 2134 V
902 2057 1161 2146 ratislaoiam,

99 2201 186 2250 oum
201 2173 328 2276 specie
348 2173 609 2262 antecedente,
635 2172 728 2249 lecti
743 2188 849 2264 sunt·,
874 2165 1054 2250 feminam
1067 2197 1159 2252 vero

100 2294 215 2374 etiam
237 2295 384 2399 accepi,
411 2319 532 2400 prope
552 2295 739 2372 Parmam
758 2305 918 2396 captam.

369 2692 421 2758 15.
464 2681 514 2752 X.
536 2681 824 2752 ALBITARSUS.
868 2703 904 2749 n.

304 2855 446 2920 Pedibus
466 2851 562 2935 rufis,
586 2853 701 2922 enticis
720 2853 835 2920 subtus
854 2849 989 2933 albidis,
1011 2852 1165 2940 postico·

305 2979 379 3022 rurn
398 2955 489 3022 tibiis
506 2955 746 3044 nigricantibus
764 2952 861 3022 tarsis
880 2951 1016 3034 albidis3
1044 2965 1165 3020 auten-

305 3059 358 3124 uis
386 3056 688 3125 albo-annulatis.
731 3055 756 3126 l.
799 3053 928 3138 (aculeo
954 3053 1165 3144 longitudine

306 3159 438 3226 dimidii
466 3158 683 3245 abdominis).

181 3365 350 3444 Statura
372 3381 412 3444 et
431 3365 631 3471 proportio
654 3361 866 3469 specierum
885 3362 1042 3438 duarum
1063 3374 1169 3438 ante-

106 3483 324 3562 cedentium
351 3487 593 3576 feminarum,
629 3499 823 3587 segmento
852 3491 874 3560 1.
903 3497 1028 3556 autem
1053 3481 1169 3584 paulo

107 3603 292 3706 longiore,
319 3633 446 3698 nervo,
474 3607 540 3711 qui
553 3605 732 3684 cellulam
751 3618 942 3682 externam
957 3601 1003 3675 ab
1022 3600 1169 3678 interna

111 3722 295 3828 sejungit,
328 3726 514 3828 longiore.

187 3843 410 3945 Longitudo
438 3853 462 3925 6
487 3845 685 3922 linearum.
747 3847 878 3949 Caput
901 3839 1025 3945 palpis
1045 3855 1085 3919 et
1108 3865 1171 3919 or-

110 3961 203 4040 bitis
219 3965 417 4042 oculorum
429 3965 542 4041 faciei
557 3960 788 4056 tenerrimis,
815 3961 1038 4038 stramineis.
1091 3961 1176 4040 An·

163 4098 249 4155 reus.
267 4099 380 4172 Europ.
399 4102 468 4158 rar·
486 4101 545 4155 111.
859 4081 910 4162 54
