2764 4628
647 201 846 280 ricuinus

556 491 608 556 17.
653 483 694 551 Ο.
715 479 946 554 DENTIPES.

423 649 564 720 Pedibus
581 647 678 733 rufis,
700 651 880 719 femoribus
899 648 1038 741 posticis
1056 650 1156 716 dente
1172 673 1288 716 arma-
1356 673 1357 678 ¹

425 753 481 820 tis.
502 775 548 821 m.
569 749 594 819 s.
616 751 748 838 (aculeo
770 751 946 824 abdomine
967 751 1151 842 longiore).

300 957 523 1058 Largitudo
561 954 675 1034 maris
714 963 847 1050 a-4,
885 958 1051 1038 feminae
1081 957 1283 1058 27---77ι
1356 929 1357 1014 i

225 1073 423 1154 linearum.
477 1083 607 1183 Caput
621 1078 746 1184 palpis
764 1079 919 1185 pallidis
936 1097 1002 1160 aut
1015 1081 1149 1168 fusus,
1177 1075 1290 1153 labro
1356 1133 1357 1142 κ

226 1196 416 1272 Interdum
428 1197 514 1274 rufo
529 1215 594 1276 aut
608 1199 795 1276 obscuro·
800 1198 1027 1303 ferrugineo.
1080 1200 1291 1277 Antennue

228 1315 484 1410 subactaeque,
511 1319 669 1397 dimidio
686 1343 846 1422 corpore
858 1320 1067 1424 longiores,
1094 1317 1291 1394 interdum

226 1435 308 1513 fere
325 1421 564 1539 longitudine
582 1441 773 1542 corporis,
799 1440 907 1542 apice
928 1451 1119 1527 curvatae,
1147 1435 1293 1512 indivi-

228 1555 312 1631 durs
326 1556 531 1658 majoribus
543 1573 647 1635 totae
661 1585 802 1661 nigrae
823 1560 1032 1638 mlnorlbus
1046 1557 1178 1634 subtus
1196 1553 1291 1630 arti·

229 1675 326 1755 culis
339 1687 365 1756 2
379 1693 417 1754 et
430 1688 473 1769 5,
499 1678 619 1757 rarius
634 1703 785 1782 quoque
800 1689 832 1770 1,
860 1677 1070 1756 stramineis
1086 1692 1151 1752 aut
1164 1675 1292 1752 ferru-

229 1794 366 1897 gineis,
408 1797 650 1900 sequentibus
684 1800 746 1876 rel
782 1798 1006 1901 ferrugineis
1046 1796 1108 1875 uel
1146 1794 1290 1872 sensim

230 1914 523 2018 obscuriuribuc.
584 1919 752 2004 Tbarurc
778 1917 1027 2022 cylindricus,
1057 1916 1171 1992 dorsu
1198 1940 1291 2018 pro-

229 2031 394 2113 thoracis
427 2053 589 2138 punctu,
614 2039 878 2118 metatborace
903 2036 1112 2118 tuberculis
1140 2035 1291 2112 duobus

94 2187 96 2190 ·
230 2155 351 2234 acutis
371 2171 435 2233 aut
454 2158 738 2237 obtusiusculis
790 2163 894 2240 Alae
919 2153 1292 2256 subfumato-hyali·

232 2299 319 2366 nte,
346 2275 521 2389 stigmate
534 2296 574 2365 et
589 2280 694 2358 radio
706 2278 841 2370 fuscis,
866 2277 986 2355 rarius
1000 2275 1135 2380 piceis,
1161 2273 1289 2352 radice
1356 2363 1357 2366 Ἴ

232 2395 430 2475 straminea
453 2414 518 2502 aut
541 2399 770 2504 ferruginea,
797 2397 996 2506 squamula
1018 2396 1080 2475 vel
1101 2397 1209 2496 nigra
1225 2394 1288 2472 vel
1356 2475 1357 2478 ,

231 2512 337 2596 fusca
363 2517 426 2596 vel
455 2521 667 2598 straminea.
719 2517 843 2598 Pedes
871 2517 944 2594 rufi
970 2530 1036 2594 cut
1059 2515 1286 2604 ruso-fulvi,
1356 2523 1357 2528 '

231 2633 456 2730 mediocrem
488 2637 695 2716 femoribus
728 2634 1096 2744 compressiusculis,
1128 2636 1287 2740 posticis
1356 2707 1357 2744 ἶ

232 2757 477 2839 crassioribus
515 2759 927 2861 elongato-crabbus,
965 2757 1132 2858 margine
1165 2756 1287 2834 infern

231 2876 344 2957 deute
359 2879 502 2969 valido,
529 2879 638 2983 apice
654 2879 898 2970 subcuruato,
925 2877 1144 2986 geniculum
1157 2899 1286 2954 versus

231 2995 393 3090 directo,
421 2999 589 3088 armatis,
615 2997 715 3076 inter
739 2999 890 3080 dentem
914 3013 955 3074 et
979 2995 1087 3074 basin
1113 3021 1287 3072 nonnun-

232 3143 343 3220 quam
371 3119 618 3202 subtilissime
651 3118 809 3209 ciliatis,
842 3119 975 3196 mediis
1003 3115 1286 3194 individuorum

230 3239 420 3320 minorum
452 3237 729 3342 saepefuscis3
762 3239 951 3317 interdum
981 3233 1285 3316 trocbanteribns

231 3372 270 3437 et
284 3360 387 3440 coxis
399 3360 567 3462 posticis,
582 3357 702 3440 rarius
713 3383 867 3466 quoque
882 3355 1145 3444 anterioribus,
1161 3355 1285 3458 nigro·

125 3513 126 3518 *
230 3477 364 3570 fuscis,
397 3477 702 3560 trochanteribus
734 3479 842 3584 apice
874 3479 977 3568 ruf0;
1017 3474 1123 3552 tibiis
1151 3474 1282 3554 mediis

228 3597 391 3678 feminae
418 3616 504 3678 aute
532 3599 676 3705 apicem
703 3598 956 3690 subcurvatis;
988 3593 1098 3673 tarsis
1126 3593 1280 3696 posticis

227 3717 416 3800 interdum
430 3719 558 3802 fuscis.
597 3717 798 3804 Abdomen
815 3726 935 3800 muris
947 3715 1082 3820 capitis
1098 3712 1282 3818 characis·

227 3863 303 3940 que
315 3839 554 3942 longitudine
573 3865 639 3918 seu
658 3837 775 3942 paulo
796 3839 965 3940 longius,
992 3834 1182 3912 interdum
1196 3831 1281 3908 tho-

226 3987 311 4040 race
324 3961 444 4064 duplo
457 3958 621 4062 longius,
649 3955 815 4036 thoracis
829 3953 1041 4046 latitudine,
1066 3977 1151 4034 raro
1164 3953 1278 4060 paulu
