<?xml version="1.0" encoding="UTF-8"?>
<!DOCTYPE html PUBLIC "-//W3C//DTD XHTML 1.0 Transitional//EN"
    "http://www.w3.org/TR/xhtml1/DTD/xhtml1-transitional.dtd">
<html xmlns="http://www.w3.org/1999/xhtml" xml:lang="en" lang="en">
 <head>
  <title>
</title>
<meta http-equiv="Content-Type" content="text/html;charset=utf-8" />
  <meta name='ocr-system' content='tesseract 3.04.00' />
  <meta name='ocr-capabilities' content='ocr_page ocr_carea ocr_par ocr_line ocrx_word'/>
</head>
<body>
  <div class='ocr_page' id='page_1' title='image "./ichneumonologia00cgrgoog_0735.png"; bbox 0 0 2744 4628; ppageno 0'>
   <div class='ocr_carea' id='block_1_1' title="bbox 387 192 1136 268">
    <p class='ocr_par' dir='ltr' id='par_1_1' title="bbox 387 192 1136 268">
     <span class='ocr_line' id='line_1_1' title="bbox 387 192 1136 268; baseline 0.012 -9"><span class='ocrx_word' id='word_1_1' title='bbox 387 209 490 263; x_wconf 58' lang='grc' dir='ltr'><strong>ΝΜ.</strong></span> <span class='ocrx_word' id='word_1_2' title='bbox 520 192 579 262; x_wconf 84' lang='lat' dir='ltr'><strong>IX.</strong></span> <span class='ocrx_word' id='word_1_3' title='bbox 608 210 819 266; x_wconf 80' lang='lat' dir='ltr'><strong>rourzou.</strong></span> <span class='ocrx_word' id='word_1_4' title='bbox 1060 193 1136 268; x_wconf 81' lang='grc'><strong>749</strong></span> 
     </span>
    </p>
   </div>
   <div class='ocr_carea' id='block_1_2' title="bbox 81 1095 1199 4076">
    <p class='ocr_par' dir='ltr' id='par_1_2' title="bbox 81 1095 1199 4076">
     <span class='ocr_line' id='line_1_2' title="bbox 159 1095 1141 1200; baseline -0.006 -28"><span class='ocrx_word' id='word_1_5' title='bbox 159 1099 312 1200; x_wconf 83' lang='lat' dir='ltr'><strong>Corpus</strong></span> <span class='ocrx_word' id='word_1_6' title='bbox 331 1121 489 1197; x_wconf 84' lang='lat' dir='ltr'><strong>parvum</strong></span> <span class='ocrx_word' id='word_1_7' title='bbox 506 1109 571 1170; x_wconf 91' lang='lat' dir='ltr'><strong>aut</strong></span> <span class='ocrx_word' id='word_1_8' title='bbox 590 1095 791 1173; x_wconf 84' lang='lat' dir='ltr'><strong>mediocre.</strong></span> <span class='ocrx_word' id='word_1_9' title='bbox 805 1137 855 1154; x_wconf 85' lang='lat'>-</span> <span class='ocrx_word' id='word_1_10' title='bbox 878 1099 1006 1198; x_wconf 79' lang='lat' dir='ltr'><strong>Caput</strong></span> <span class='ocrx_word' id='word_1_11' title='bbox 1020 1109 1141 1168; x_wconf 82' lang='lat' dir='ltr'><strong>trans-</strong></span> 
     </span>
     <span class='ocr_line' id='line_1_3' title="bbox 81 1214 1141 1306; baseline -0.006 -13"><span class='ocrx_word' id='word_1_12' title='bbox 81 1241 251 1306; x_wconf 83' lang='lat' dir='ltr'><strong>versum,</strong></span> <span class='ocrx_word' id='word_1_13' title='bbox 278 1216 393 1292; x_wconf 88' lang='lat' dir='ltr'><strong>breve</strong></span> <span class='ocrx_word' id='word_1_14' title='bbox 413 1229 479 1291; x_wconf 86' lang='lat' dir='ltr'><strong>aut</strong></span> <span class='ocrx_word' id='word_1_15' title='bbox 498 1214 792 1292; x_wconf 85' lang='lat' dir='ltr'><strong>breviusculum.</strong></span> <span class='ocrx_word' id='word_1_16' title='bbox 812 1257 865 1272; x_wconf 90' lang='lat'><em>-</em></span> <span class='ocrx_word' id='word_1_17' title='bbox 885 1218 1000 1294; x_wconf 82' lang='lat' dir='ltr'><strong>Oculi</strong></span> <span class='ocrx_word' id='word_1_18' title='bbox 1014 1214 1141 1290; x_wconf 89' lang='lat' dir='ltr'><strong>ovales</strong></span> 
     </span>
     <span class='ocr_line' id='line_1_4' title="bbox 82 1333 1141 1437; baseline 0 -27"><span class='ocrx_word' id='word_1_19' title='bbox 82 1350 149 1412; x_wconf 93' lang='lat' dir='ltr'><strong>aut</strong></span> <span class='ocrx_word' id='word_1_20' title='bbox 188 1335 425 1437; x_wconf 87' lang='lat' dir='ltr'><strong>subglobosi,</strong></span> <span class='ocrx_word' id='word_1_21' title='bbox 458 1333 633 1436; x_wconf 86' lang='lat' dir='ltr'>plurimis</span> <span class='ocrx_word' id='word_1_22' title='bbox 679 1335 825 1410; x_wconf 86' lang='lat' dir='ltr'><strong>mediae</strong></span> <span class='ocrx_word' id='word_1_23' title='bbox 863 1335 1141 1437; x_wconf 85' lang='lat' dir='ltr'><strong>magnitudinis,</strong></span> 
     </span>
     <span class='ocr_line' id='line_1_5' title="bbox 81 1451 1144 1558; baseline -0.005 -26"><span class='ocrx_word' id='word_1_24' title='bbox 81 1456 213 1532; x_wconf 91' lang='lat' dir='ltr'><strong>multis</strong></span> <span class='ocrx_word' id='word_1_25' title='bbox 247 1454 439 1557; x_wconf 85' lang='lat' dir='ltr'><strong>subparvi,</strong></span> <span class='ocrx_word' id='word_1_26' title='bbox 478 1454 660 1534; x_wconf 79' lang='lat' dir='ltr'><strong>Porizonr&#39;</strong></span> <span class='ocrx_word' id='word_1_27' title='bbox 690 1451 803 1558; x_wconf 82' lang='lat' dir='ltr'><strong>doopi</strong></span> <span class='ocrx_word' id='word_1_28' title='bbox 827 1457 1020 1557; x_wconf 79' lang='lat' dir='ltr'><strong>permagni</strong></span> <span class='ocrx_word' id='word_1_29' title='bbox 1053 1479 1144 1556; x_wconf 89' lang='lat' dir='ltr'><strong>pro·</strong></span> 
     </span>
     <span class='ocr_line' id='line_1_6' title="bbox 83 1573 1149 1677; baseline -0.005 -24"><span class='ocrx_word' id='word_1_30' title='bbox 83 1577 280 1655; x_wconf 86' lang='lat' dir='ltr'><strong>minentes.</strong></span> <span class='ocrx_word' id='word_1_31' title='bbox 311 1617 363 1634; x_wconf 88' lang='lat'><strong>-·</strong></span> <span class='ocrx_word' id='word_1_32' title='bbox 400 1576 604 1653; x_wconf 85' lang='lat' dir='ltr'><strong>Antennae</strong></span> <span class='ocrx_word' id='word_1_33' title='bbox 631 1573 844 1665; x_wconf 85' lang='lat' dir='ltr'><strong>fililormes,</strong></span> <span class='ocrx_word' id='word_1_34' title='bbox 886 1575 1043 1677; x_wconf 79' lang='lat' dir='ltr'><strong>graciles</strong></span> <span class='ocrx_word' id='word_1_35' title='bbox 1078 1587 1149 1661; x_wconf 73' lang='lat' dir='ltr'><strong>aut¹</strong></span> 
     </span>
     <span class='ocr_line' id='line_1_7' title="bbox 83 1691 1145 1797; baseline -0.01 -23"><span class='ocrx_word' id='word_1_36' title='bbox 83 1696 312 1784; x_wconf 85' lang='lat' dir='ltr'><strong>mediocres,</strong></span> <span class='ocrx_word' id='word_1_37' title='bbox 345 1695 454 1797; x_wconf 81' lang='lat' dir='ltr'><strong>apice</strong></span> <span class='ocrx_word' id='word_1_38' title='bbox 474 1708 649 1770; x_wconf 82' lang='lat' dir='ltr'><strong>curvatae</strong></span> <span class='ocrx_word' id='word_1_39' title='bbox 672 1711 736 1770; x_wconf 84' lang='lat' dir='ltr'><strong>aut</strong></span> <span class='ocrx_word' id='word_1_40' title='bbox 764 1695 973 1782; x_wconf 87' lang='lat' dir='ltr'><strong>involutae,</strong></span> <span class='ocrx_word' id='word_1_41' title='bbox 1006 1691 1145 1795; x_wconf 40' lang='lat' dir='ltr'><strong>plenis-2</strong></span> 
     </span>
     <span class='ocr_line' id='line_1_8' title="bbox 87 1811 1144 1919; baseline -0.007 -27"><span class='ocrx_word' id='word_1_42' title='bbox 87 1843 161 1919; x_wconf 94' lang='lat' dir='ltr'><strong>que</strong></span> <span class='ocrx_word' id='word_1_43' title='bbox 182 1816 335 1892; x_wconf 81' lang='lat' dir='ltr'><strong>circiter</strong></span> <span class='ocrx_word' id='word_1_44' title='bbox 348 1813 496 1888; x_wconf 86' lang='lat' dir='ltr'><strong>dimidii</strong></span> <span class='ocrx_word' id='word_1_45' title='bbox 512 1813 681 1914; x_wconf 88' lang='lat' dir='ltr'><strong>corporis</strong></span> <span class='ocrx_word' id='word_1_46' title='bbox 699 1815 938 1917; x_wconf 85' lang='lat' dir='ltr'><strong>longitudine</strong></span> <span class='ocrx_word' id='word_1_47' title='bbox 953 1827 1018 1888; x_wconf 88' lang='lat' dir='ltr'><strong>aut</strong></span> <span class='ocrx_word' id='word_1_48' title='bbox 1028 1811 1144 1916; x_wconf 88' lang='lat' dir='ltr'><strong>paulo</strong></span> 
     </span>
     <span class='ocr_line' id='line_1_9' title="bbox 85 1933 1142 2037; baseline -0.007 -24"><span class='ocrx_word' id='word_1_49' title='bbox 85 1937 294 2026; x_wconf 84' lang='lat' dir='ltr'><strong>breviores,</strong></span> <span class='ocrx_word' id='word_1_50' title='bbox 328 1933 447 2010; x_wconf 85' lang='lat' dir='ltr'><strong>rarius</strong></span> <span class='ocrx_word' id='word_1_51' title='bbox 470 1934 583 2010; x_wconf 87' lang='lat' dir='ltr'><strong>tertia</strong></span> <span class='ocrx_word' id='word_1_52' title='bbox 608 1934 777 2035; x_wconf 80' lang='lat' dir='ltr'><strong>corporis</strong></span> <span class='ocrx_word' id='word_1_53' title='bbox 806 1949 913 2037; x_wconf 82' lang='lat' dir='ltr'><strong>parte</strong></span> <span class='ocrx_word' id='word_1_54' title='bbox 939 1934 1142 2022; x_wconf 84' lang='lat' dir='ltr'><strong>breviores,</strong></span> 
     </span>
     <span class='ocr_line' id='line_1_10' title="bbox 87 2051 1145 2160; baseline -0.008 -26"><span class='ocrx_word' id='word_1_55' title='bbox 87 2084 121 2134; x_wconf 87' lang='lat' dir='ltr'><strong>e.</strong></span> <span class='ocrx_word' id='word_1_56' title='bbox 148 2082 183 2160; x_wconf 90' lang='lat' dir='ltr'><strong>g.</strong></span> <span class='ocrx_word' id='word_1_57' title='bbox 213 2056 258 2133; x_wconf 89' lang='lat' dir='ltr'><strong>P.</strong></span> <span class='ocrx_word' id='word_1_58' title='bbox 288 2051 400 2157; x_wconf 76' lang='grc' dir='ltr'><strong><em>ὂοορὶ</em></strong></span> <span class='ocrx_word' id='word_1_59' title='bbox 427 2067 466 2131; x_wconf 88' lang='lat' dir='ltr'><strong>et</strong></span> <span class='ocrx_word' id='word_1_60' title='bbox 487 2054 694 2158; x_wconf 77' lang='lat' dir='ltr'><strong>suluipedi.</strong></span> <span class='ocrx_word' id='word_1_61' title='bbox 726 2097 780 2116; x_wconf 84' lang='lat'><strong>·-</strong></span> <span class='ocrx_word' id='word_1_62' title='bbox 811 2058 873 2132; x_wconf 92' lang='lat' dir='ltr'><strong>De</strong></span> <span class='ocrx_word' id='word_1_63' title='bbox 900 2053 1072 2130; x_wconf 84' lang='lat' dir='ltr'><strong>antennis</strong></span> <span class='ocrx_word' id='word_1_64' title='bbox 1104 2065 1145 2127; x_wconf 91' lang='lat' dir='ltr'><strong>et</strong></span> 
     </span>
     <span class='ocr_line' id='line_1_11' title="bbox 86 2170 1147 2282; baseline -0.006 -30"><span class='ocrx_word' id='word_1_65' title='bbox 86 2173 264 2282; x_wconf 80' lang='lat' dir='ltr'><strong>partibus</strong></span> <span class='ocrx_word' id='word_1_66' title='bbox 283 2181 363 2252; x_wconf 85' lang='lat' dir='ltr'><strong>oris</strong></span> <span class='ocrx_word' id='word_1_67' title='bbox 384 2172 503 2250; x_wconf 83' lang='lat' dir='ltr'><strong>fusius</strong></span> <span class='ocrx_word' id='word_1_68' title='bbox 518 2189 641 2251; x_wconf 85' lang='lat' dir='ltr'><strong>actum</strong></span> <span class='ocrx_word' id='word_1_69' title='bbox 661 2188 719 2252; x_wconf 83' lang='lat' dir='ltr'><strong>est</strong></span> <span class='ocrx_word' id='word_1_70' title='bbox 737 2174 778 2250; x_wconf 88' lang='lat' dir='ltr'><strong>in</strong></span> <span class='ocrx_word' id='word_1_71' title='bbox 795 2190 883 2250; x_wconf 84' lang='lat' dir='ltr'><strong>note</strong></span> <span class='ocrx_word' id='word_1_72' title='bbox 901 2175 947 2249; x_wconf 82' lang='lat' dir='ltr'><strong>nd</strong></span> <span class='ocrx_word' id='word_1_73' title='bbox 962 2175 1000 2248; x_wconf 90' lang='lat' dir='ltr'><strong>P.</strong></span> <span class='ocrx_word' id='word_1_74' title='bbox 1025 2170 1147 2248; x_wconf 88' lang='lat' dir='ltr'><strong>nutri-</strong></span> 
     </span>
     <span class='ocr_line' id='line_1_12' title="bbox 88 2291 1148 2396; baseline -0.005 -24"><span class='ocrx_word' id='word_1_75' title='bbox 88 2313 224 2376; x_wconf 87' lang='lat' dir='ltr'><strong>torem.</strong></span> <span class='ocrx_word' id='word_1_76' title='bbox 251 2338 303 2352; x_wconf 91' lang='lat'><strong>·-</strong></span> <span class='ocrx_word' id='word_1_77' title='bbox 331 2294 499 2375; x_wconf 76' lang='lat' dir='ltr'><strong>Thorax</strong></span> <span class='ocrx_word' id='word_1_78' title='bbox 518 2295 652 2396; x_wconf 78' lang='lat' dir='ltr'><strong>gibbus</strong></span> <span class='ocrx_word' id='word_1_79' title='bbox 680 2306 744 2369; x_wconf 84' lang='lat' dir='ltr'><strong>aut</strong></span> <span class='ocrx_word' id='word_1_80' title='bbox 762 2291 956 2393; x_wconf 87' lang='lat' dir='ltr'><strong>gibbulus,</strong></span> <span class='ocrx_word' id='word_1_81' title='bbox 989 2291 1148 2395; x_wconf 87' lang='lat' dir='ltr'><strong>quibus-</strong></span> 
     </span>
     <span class='ocr_line' id='line_1_13' title="bbox 88 2412 1147 2518; baseline -0.005 -23"><span class='ocrx_word' id='word_1_82' title='bbox 88 2419 177 2495; x_wconf 88' lang='lat' dir='ltr'><strong>dam</strong></span> <span class='ocrx_word' id='word_1_83' title='bbox 197 2415 444 2518; x_wconf 85' lang='lat' dir='ltr'><strong>cylindricus,</strong></span> <span class='ocrx_word' id='word_1_84' title='bbox 477 2443 512 2490; x_wconf 90' lang='lat' dir='ltr'><strong>v.</strong></span> <span class='ocrx_word' id='word_1_85' title='bbox 536 2441 569 2490; x_wconf 91' lang='lat' dir='ltr'><strong>c.</strong></span> <span class='ocrx_word' id='word_1_86' title='bbox 592 2415 636 2490; x_wconf 89' lang='lat' dir='ltr'><strong>P.</strong></span> <span class='ocrx_word' id='word_1_87' title='bbox 657 2412 831 2516; x_wconf 69' lang='lat' dir='ltr'><strong>harpetro</strong></span> <span class='ocrx_word' id='word_1_88' title='bbox 850 2429 889 2488; x_wconf 89' lang='lat' dir='ltr'><strong>et</strong></span> <span class='ocrx_word' id='word_1_89' title='bbox 914 2419 1147 2494; x_wconf 79' lang='lat' dir='ltr'><strong>clavicentri.</strong></span> 
     </span>
     <span class='ocr_line' id='line_1_14' title="bbox 86 2533 1149 2637; baseline -0.006 -23"><span class='ocrx_word' id='word_1_90' title='bbox 86 2581 141 2596; x_wconf 88' lang='lat'>-</span> <span class='ocrx_word' id='word_1_91' title='bbox 179 2536 394 2614; x_wconf 82' lang='lat' dir='ltr'><strong>Scutellum</strong></span> <span class='ocrx_word' id='word_1_92' title='bbox 427 2534 625 2637; x_wconf 89' lang='lat' dir='ltr'><strong>gibbulum</strong></span> <span class='ocrx_word' id='word_1_93' title='bbox 655 2549 721 2610; x_wconf 87' lang='lat' dir='ltr'><strong>aut</strong></span> <span class='ocrx_word' id='word_1_94' title='bbox 752 2533 918 2634; x_wconf 75' lang='lat' dir='ltr'><strong>gibbum</strong></span> <span class='ocrx_word' id='word_1_95' title='bbox 953 2575 1006 2590; x_wconf 91' lang='lat'>-</span> <span class='ocrx_word' id='word_1_96' title='bbox 1044 2533 1149 2610; x_wconf 79' lang='lat' dir='ltr'><strong>Adue</strong></span> 
     </span>
     <span class='ocr_line' id='line_1_15' title="bbox 89 2651 1150 2758; baseline -0.007 -25"><span class='ocrx_word' id='word_1_97' title='bbox 89 2655 299 2733; x_wconf 87' lang='lat' dir='ltr'><strong>mediocres</strong></span> <span class='ocrx_word' id='word_1_98' title='bbox 322 2670 388 2732; x_wconf 87' lang='lat' dir='ltr'><strong>aut</strong></span> <span class='ocrx_word' id='word_1_99' title='bbox 406 2655 571 2756; x_wconf 82' lang='lat' dir='ltr'><strong>amplae,</strong></span> <span class='ocrx_word' id='word_1_100' title='bbox 597 2654 660 2730; x_wconf 84' lang='lat' dir='ltr'><strong>vel</strong></span> <span class='ocrx_word' id='word_1_101' title='bbox 681 2652 794 2744; x_wconf 80' lang='lat' dir='ltr'><strong>etiam</strong></span> <span class='ocrx_word' id='word_1_102' title='bbox 813 2677 972 2758; x_wconf 88' lang='lat' dir='ltr'><strong>corpore</strong></span> <span class='ocrx_word' id='word_1_103' title='bbox 997 2651 1150 2728; x_wconf 82' lang='lat' dir='ltr'><strong>brevio-</strong></span> 
     </span>
     <span class='ocr_line' id='line_1_16' title="bbox 89 2771 1151 2874; baseline -0.005 -24"><span class='ocrx_word' id='word_1_104' title='bbox 89 2799 170 2862; x_wconf 87' lang='lat' dir='ltr'><strong>rcs;</strong></span> <span class='ocrx_word' id='word_1_105' title='bbox 212 2771 385 2874; x_wconf 86' lang='lat' dir='ltr'><strong>stigmate</strong></span> <span class='ocrx_word' id='word_1_106' title='bbox 410 2789 448 2850; x_wconf 92' lang='lat' dir='ltr'><strong>et</strong></span> <span class='ocrx_word' id='word_1_107' title='bbox 480 2773 620 2866; x_wconf 80' lang='lat' dir='ltr'><strong>cellula</strong></span> <span class='ocrx_word' id='word_1_108' title='bbox 645 2773 778 2848; x_wconf 87' lang='lat' dir='ltr'><strong>radiali</strong></span> <span class='ocrx_word' id='word_1_109' title='bbox 804 2771 1011 2874; x_wconf 86' lang='lat' dir='ltr'><strong>majoribus</strong></span> <span class='ocrx_word' id='word_1_110' title='bbox 1036 2796 1151 2872; x_wconf 88' lang='lat' dir='ltr'><strong>quam</strong></span> 
     </span>
     <span class='ocr_line' id='line_1_17' title="bbox 91 2887 1150 2996; baseline -0.004 -28"><span class='ocrx_word' id='word_1_111' title='bbox 91 2894 133 2968; x_wconf 87' lang='lat' dir='ltr'><strong>in</strong></span> <span class='ocrx_word' id='word_1_112' title='bbox 168 2893 327 2996; x_wconf 88' lang='lat' dir='ltr'><strong>reliquis</strong></span> <span class='ocrx_word' id='word_1_113' title='bbox 363 2892 517 2968; x_wconf 79' lang='lat' dir='ltr'><strong>familiis</strong></span> <span class='ocrx_word' id='word_1_114' title='bbox 550 2891 787 2995; x_wconf 89' lang='lat' dir='ltr'><strong>Ophionum;</strong></span> <span class='ocrx_word' id='word_1_115' title='bbox 824 2891 897 2967; x_wconf 88' lang='lat' dir='ltr'><strong>hac</strong></span> <span class='ocrx_word' id='word_1_116' title='bbox 927 2887 1150 2992; x_wconf 85' lang='lat' dir='ltr'><strong>triangulari</strong></span> 
     </span>
     <span class='ocr_line' id='line_1_18' title="bbox 90 3011 1199 3126; baseline -0.003 -37"><span class='ocrx_word' id='word_1_117' title='bbox 90 3011 361 3114; x_wconf 85' lang='lat' dir='ltr'><strong>rectangulari,</strong></span> <span class='ocrx_word' id='word_1_118' title='bbox 400 3013 540 3114; x_wconf 84' lang='lat' dir='ltr'><strong>angulo</strong></span> <span class='ocrx_word' id='word_1_119' title='bbox 571 3028 677 3090; x_wconf 89' lang='lat' dir='ltr'><strong>recto</strong></span> <span class='ocrx_word' id='word_1_120' title='bbox 710 3011 875 3116; x_wconf 87' lang='lat' dir='ltr'><strong>stigmati</strong></span> <span class='ocrx_word' id='word_1_121' title='bbox 906 3011 1086 3114; x_wconf 87' lang='lat' dir='ltr'><strong>opposito</strong></span> <span class='ocrx_word' id='word_1_122' title='bbox 1111 3025 1152 3086; x_wconf 91' lang='lat' dir='ltr'><strong>et</strong></span> <span class='ocrx_word' id='word_1_123' title='bbox 1195 3103 1199 3126; x_wconf 71' lang='lat'>‚</span> 
     </span>
     <span class='ocr_line' id='line_1_19' title="bbox 92 3130 1153 3223; baseline -0.001 -18"><span class='ocrx_word' id='word_1_124' title='bbox 92 3133 173 3209; x_wconf 87' lang='lat' dir='ltr'><strong>lere</strong></span> <span class='ocrx_word' id='word_1_125' title='bbox 193 3131 233 3207; x_wconf 92' lang='lat' dir='ltr'><strong>in</strong></span> <span class='ocrx_word' id='word_1_126' title='bbox 248 3130 373 3218; x_wconf 86' lang='lat' dir='ltr'><strong>medio</strong></span> <span class='ocrx_word' id='word_1_127' title='bbox 395 3132 477 3208; x_wconf 88' lang='lat' dir='ltr'><strong>alae</strong></span> <span class='ocrx_word' id='word_1_128' title='bbox 492 3131 583 3222; x_wconf 69' lang='lat' dir='ltr'><strong>sitm</strong></span> <span class='ocrx_word' id='word_1_129' title='bbox 610 3133 735 3210; x_wconf 84' lang='lat' dir='ltr'><strong>areola</strong></span> <span class='ocrx_word' id='word_1_130' title='bbox 755 3132 877 3223; x_wconf 88' lang='lat' dir='ltr'><strong>nulla,</strong></span> <span class='ocrx_word' id='word_1_131' title='bbox 904 3131 1067 3209; x_wconf 84' lang='lat' dir='ltr'><strong>cellulae</strong></span> <span class='ocrx_word' id='word_1_132' title='bbox 1092 3130 1153 3205; x_wconf 89' lang='lat' dir='ltr'><strong>in·</strong></span> 
     </span>
     <span class='ocr_line' id='line_1_20' title="bbox 90 3249 1152 3354; baseline 0 -28"><span class='ocrx_word' id='word_1_133' title='bbox 90 3249 243 3328; x_wconf 86' lang='lat' dir='ltr'><strong>terioris</strong></span> <span class='ocrx_word' id='word_1_134' title='bbox 276 3276 392 3328; x_wconf 86' lang='lat' dir='ltr'><strong>nervo</strong></span> <span class='ocrx_word' id='word_1_135' title='bbox 419 3250 600 3328; x_wconf 80' lang='lat' dir='ltr'><strong>inferiore</strong></span> <span class='ocrx_word' id='word_1_136' title='bbox 631 3253 819 3330; x_wconf 78' lang='lat' dir='ltr'><strong>exteriore</strong></span> <span class='ocrx_word' id='word_1_137' title='bbox 840 3252 1014 3330; x_wconf 88' lang='lat' dir='ltr'><strong>breviore</strong></span> <span class='ocrx_word' id='word_1_138' title='bbox 1039 3278 1152 3354; x_wconf 89' lang='lat' dir='ltr'><strong>quam</strong></span> 
     </span>
     <span class='ocr_line' id='line_1_21' title="bbox 93 3370 1154 3464; baseline 0.003 -18"><span class='ocrx_word' id='word_1_139' title='bbox 93 3371 134 3446; x_wconf 89' lang='lat' dir='ltr'><strong>in</strong></span> <span class='ocrx_word' id='word_1_140' title='bbox 157 3371 241 3446; x_wconf 87' lang='lat' dir='ltr'><strong>aliis</strong></span> <span class='ocrx_word' id='word_1_141' title='bbox 265 3370 437 3462; x_wconf 82' lang='lat' dir='ltr'><strong>familiis,</strong></span> <span class='ocrx_word' id='word_1_142' title='bbox 470 3387 592 3462; x_wconf 89' lang='lat' dir='ltr'><strong>recto,</strong></span> <span class='ocrx_word' id='word_1_143' title='bbox 619 3387 674 3464; x_wconf 89' lang='lat' dir='ltr'><strong>et,</strong></span> <span class='ocrx_word' id='word_1_144' title='bbox 708 3400 782 3449; x_wconf 86' lang='lat' dir='ltr'><strong>una</strong></span> <span class='ocrx_word' id='word_1_145' title='bbox 800 3398 887 3449; x_wconf 91' lang='lat' dir='ltr'><strong>cum</strong></span> <span class='ocrx_word' id='word_1_146' title='bbox 914 3398 1031 3450; x_wconf 87' lang='lat' dir='ltr'><strong>nervo</strong></span> <span class='ocrx_word' id='word_1_147' title='bbox 1056 3371 1154 3449; x_wconf 83' lang='lat' dir='ltr'><strong>infe-</strong></span> 
     </span>
     <span class='ocr_line' id='line_1_22' title="bbox 92 3491 1153 3595; baseline 0.001 -28"><span class='ocrx_word' id='word_1_148' title='bbox 92 3493 195 3568; x_wconf 89' lang='lat' dir='ltr'><strong>riore</strong></span> <span class='ocrx_word' id='word_1_149' title='bbox 232 3491 396 3568; x_wconf 88' lang='lat' dir='ltr'><strong>cellulae</strong></span> <span class='ocrx_word' id='word_1_150' title='bbox 430 3491 645 3584; x_wconf 75' lang='lat' dir='ltr'><strong>exterioris,</strong></span> <span class='ocrx_word' id='word_1_151' title='bbox 684 3519 731 3569; x_wconf 87' lang='lat' dir='ltr'><strong>cx</strong></span> <span class='ocrx_word' id='word_1_152' title='bbox 760 3491 844 3595; x_wconf 85' lang='lat' dir='ltr'><strong>ipso</strong></span> <span class='ocrx_word' id='word_1_153' title='bbox 876 3493 1015 3595; x_wconf 87' lang='lat' dir='ltr'><strong>angulo</strong></span> <span class='ocrx_word' id='word_1_154' title='bbox 1048 3507 1153 3568; x_wconf 88' lang='lat' dir='ltr'><strong>recto</strong></span> 
     </span>
     <span class='ocr_line' id='line_1_23' title="bbox 93 3591 1154 3715; baseline -0.001 -28"><span class='ocrx_word' id='word_1_155' title='bbox 93 3613 257 3688; x_wconf 86' lang='lat' dir='ltr'><strong>cellulae</strong></span> <span class='ocrx_word' id='word_1_156' title='bbox 285 3591 437 3686; x_wconf 80' lang='lat' dir='ltr'><strong>radialis</strong></span> <span class='ocrx_word' id='word_1_157' title='bbox 468 3627 570 3702; x_wconf 89' lang='lat' dir='ltr'><strong>ort0,</strong></span> <span class='ocrx_word' id='word_1_158' title='bbox 604 3637 740 3688; x_wconf 84' lang='lat' dir='ltr'><strong>nervus</strong></span> <span class='ocrx_word' id='word_1_159' title='bbox 767 3611 886 3702; x_wconf 86' lang='lat' dir='ltr'><strong>enim,</strong></span> <span class='ocrx_word' id='word_1_160' title='bbox 920 3613 986 3715; x_wconf 89' lang='lat' dir='ltr'><strong>qui</strong></span> <span class='ocrx_word' id='word_1_161' title='bbox 1009 3613 1050 3688; x_wconf 92' lang='lat' dir='ltr'><strong>in</strong></span> <span class='ocrx_word' id='word_1_162' title='bbox 1070 3613 1154 3688; x_wconf 89' lang='lat' dir='ltr'><strong>aliis</strong></span> 
     </span>
     <span class='ocr_line' id='line_1_24' title="bbox 94 3729 1154 3838; baseline 0.002 -34"><span class='ocrx_word' id='word_1_163' title='bbox 94 3731 269 3827; x_wconf 83' lang='lat' dir='ltr'><strong>familiis,</strong></span> <span class='ocrx_word' id='word_1_164' title='bbox 298 3729 365 3807; x_wconf 90' lang='lat' dir='ltr'><strong>ubi</strong></span> <span class='ocrx_word' id='word_1_165' title='bbox 385 3732 512 3808; x_wconf 85' lang='lat' dir='ltr'><strong>areola</strong></span> <span class='ocrx_word' id='word_1_166' title='bbox 533 3731 656 3821; x_wconf 87' lang='lat' dir='ltr'><strong>deest,</strong></span> <span class='ocrx_word' id='word_1_167' title='bbox 690 3730 871 3838; x_wconf 85' lang='lat' dir='ltr'><strong>cellulam</strong></span> <span class='ocrx_word' id='word_1_168' title='bbox 897 3747 1085 3808; x_wconf 80' lang='lat' dir='ltr'><strong>externam</strong></span> <span class='ocrx_word' id='word_1_169' title='bbox 1107 3733 1154 3806; x_wconf 90' lang='lat' dir='ltr'><strong>ab</strong></span> 
     </span>
     <span class='ocr_line' id='line_1_25' title="bbox 93 3850 1157 3954; baseline 0.001 -27"><span class='ocrx_word' id='word_1_170' title='bbox 93 3852 243 3928; x_wconf 85' lang='lat' dir='ltr'><strong>interna</strong></span> <span class='ocrx_word' id='word_1_171' title='bbox 260 3850 442 3952; x_wconf 85' lang='lat' dir='ltr'><strong>sejungit,</strong></span> <span class='ocrx_word' id='word_1_172' title='bbox 468 3851 534 3928; x_wconf 93' lang='lat' dir='ltr'><strong>hic</strong></span> <span class='ocrx_word' id='word_1_173' title='bbox 547 3850 588 3928; x_wconf 92' lang='lat' dir='ltr'><strong>in</strong></span> <span class='ocrx_word' id='word_1_174' title='bbox 599 3865 782 3954; x_wconf 89' lang='lat' dir='ltr'><strong>punctum</strong></span> <span class='ocrx_word' id='word_1_175' title='bbox 795 3851 1035 3930; x_wconf 85' lang='lat' dir='ltr'><strong>tendinosunr</strong></span> <span class='ocrx_word' id='word_1_176' title='bbox 1056 3879 1157 3928; x_wconf 84' lang='lat' dir='ltr'><strong>cras-</strong></span> 
     </span>
     <span class='ocr_line' id='line_1_26' title="bbox 96 3972 1157 4076; baseline 0.001 -30"><span class='ocrx_word' id='word_1_177' title='bbox 96 3972 307 4050; x_wconf 83' lang='lat' dir='ltr'><strong>siusculum</strong></span> <span class='ocrx_word' id='word_1_178' title='bbox 327 3997 527 4052; x_wconf 86' lang='lat' dir='ltr'><strong>commune</strong></span> <span class='ocrx_word' id='word_1_179' title='bbox 546 3985 760 4048; x_wconf 83' lang='lat' dir='ltr'><strong>contractus</strong></span> <span class='ocrx_word' id='word_1_180' title='bbox 780 3987 855 4064; x_wconf 89' lang='lat' dir='ltr'><strong>est,</strong></span> <span class='ocrx_word' id='word_1_181' title='bbox 888 4000 910 4048; x_wconf 89' lang='lat' dir='ltr'><strong>e</strong></span> <span class='ocrx_word' id='word_1_182' title='bbox 930 4000 1006 4076; x_wconf 90' lang='lat' dir='ltr'><strong>quo</strong></span> <span class='ocrx_word' id='word_1_183' title='bbox 1027 3973 1157 4048; x_wconf 89' lang='lat' dir='ltr'><strong>cathe-</strong></span> 
     </span>
    </p>
   </div>
   <div class='ocr_carea' id='block_1_3' title="bbox 0 0 1396 4628">
    <p class='ocr_par' dir='ltr' id='par_1_3' title="bbox 0 0 1396 4628">
     <span class='ocr_line' id='line_1_27' title="bbox 0 0 1396 4628; baseline 0 0"><span class='ocrx_word' id='word_1_184' title='bbox 0 0 1396 4628; x_wconf 95' lang='lat' dir='ltr'><strong> </strong></span> 
     </span>
    </p>
   </div>
  </div>
 </body>
</html>
