2776 4628
239 171 314 248 688
673 191 848 248 -crnror

237 353 382 449 habitu,
410 355 610 436 abdomine
623 360 795 462 longiore
809 358 1020 462 graciliore,
1047 360 1186 453 areola,
1206 361 1302 438 satis

238 471 410 554 distincti
438 495 536 556 sunt.
562 519 616 536 -
642 479 906 583 Trochynotr',
930 475 1184 582 dispositione
1212 507 1303 558 ner-

237 617 370 674 vorum
384 599 465 674 alae
478 623 564 672 curn
577 595 821 701 Ophionibns
833 616 1094 702 congruentes,
1116 599 1302 678 differunt
1378 661 1379 670 ι

238 718 286 794 ab
302 717 359 794 his
375 717 507 794 habitu
519 733 620 809 tot0‚
648 721 819 798 antennis
834 721 980 824 alisque
992 719 1187 812 brevibus,
1217 748 1302 824 seg-

238 839 375 914 mentis
390 838 538 914 duobus
554 841 803 916 anterioribus
818 841 1058 942 longioribus,
1069 857 1108 918 et
1120 841 1303 942 gracilio-

237 959 343 1034 ribus
357 974 428 1036 etc.
448 997 502 1015 -
522 961 715 1038 Cremasti
727 961 908 1036 differunt
922 960 1004 1036 alis.
1021 1003 1075 1020 -
1087 961 1302 1061 Hellwigr‘a
1378 955 1379 958 ¹

237 1079 309 1156 alis
328 1080 408 1156 fere
427 1077 601 1180 congruit
617 1105 704 1156 cunr
725 1079 992 1183 optionibus·
1006 1079 1204 1160 eotnmcn
1225 1081 1301 1156 dit-

231 1199 316 1275 tent
339 1199 442 1302 quod
461 1223 595 1274 nervus
617 1199 775 1275 inferior
791 1199 958 1276 cellulae
976 1198 1174 1276 exterioris
1197 1199 1301 1278 houd

238 1345 286 1396 ex
298 1319 460 1421 angulo
450 1341 536 1420 ipsc
551 1319 667 1408 nenti,
692 1318 861 1394 ced-luiso
865 1319 955 1394 does
970 1319 1153 1394 cubitales
1168 1321 1302 1422 sejun-
1378 1347 1379 1350 ’

228 1439 379 1542 gentis,
412 1439 551 1528 oritur,
583 1439 651 1515 sed
680 1437 808 1513 infra
799 1455 912 1514 istum
927 1441 1121 1544 angulum,
1150 1442 1302 1542 praeci
1378 1477 1379 1486 =

236 1583 316 1662 pue
329 1574 456 1636 antem
468 1559 643 1646 antennis
652 1555 864 1634 incrassatis
878 1559 1081 1662 Hcldwigia
1096 1559 1303 1666 nbOphio-

231 1677 350 1754 cibus
364 1677 506 1756 differt

438 1900 575 1976 Notas

232 2085 239 2095 -
273 2069 276 2076 ’
317 2035 348 2111 Ε
379 2039 565 2113 sententia
592 2037 726 2116 Neesei
760 2037 806 2113 ab
840 2037 1051 2130 Esenbeclr,
1086 2037 1126 2115 in
1155 2017 1301 2116 litteris

231 2181 387 2232 mecum
418 2157 708 2249 communicata,
742 2159 992 2234 conformatio
1017 2165 1190 2262 portiom
1218 2170 1303 2238 oris

241 2275 459 2374 Ophionum
479 2279 728 2380 genuinorum
749 2305 826 2356 non
847 2283 969 2356 solum
996 2280 1110 2383 longe
1135 2280 1302 2357 discedit

126 2387 129 2396 '
238 2421 260 2469 a
287 2395 541 2500 descriptione
567 2400 791 2488 Pannerianc
817 2401 884 2496 (in
910 2400 1033 2476 Beris.
1055 2403 1111 2490 11,
1138 2426 1223 2502 pag·
1246 2409 1300 2480 88

238 2515 358 2616 edica)
375 2518 439 2594 sed
454 2519 733 2595 accuratissime
748 2521 906 2622 quadrat
920 2520 966 2594 ad
980 2520 1014 2621 ej
1021 2520 1150 2594 osdem
1165 2535 1303 2596 sucto-

239 2635 292 2710 ris
308 2637 598 2738 descriptionem
617 2642 693 2715 oris
709 2640 848 2716 Bacchi
866 2640 1118 2716 fornicatoris.
