2820 4630
425 239 524 292 rau.
553 225 598 293 11.
633 241 892 294 exaruerat.
1111 225 1187 302 426

131 401 260 504 nigre,
287 401 396 506 apiae
420 403 511 481 rufo
533 415 599 481 aut
624 417 815 497 mstaueo,
842 407 903 484 vel
932 407 1016 486 solo
1040 405 1187 512 penato

131 523 263 624 nigra,
286 523 494 601 tuberculis
523 525 741 601 lateralibus
771 525 870 600 ultra
894 528 1059 604 medium
1086 529 1186 614 sitis;

130 651 212 720 fiet
225 653 249 721 8
263 643 353 718 ruiis
368 645 647 734 auteastaneis3
674 645 917 748 sequentibus
933 649 1065 750 nigris3
1092 650 1188 729 tin-

130 761 279 837 terdum
294 761 391 853 basi,
419 764 539 841 rarius
558 789 709 867 quoque
729 765 909 842 lateribus
925 783 965 842 et
977 768 1102 868 apice,
1127 793 1187 844 ra-

130 878 391 974 rissimetoto,
418 883 504 960 rufo
518 899 583 960 aut
597 899 783 960 castaneo.
836 887 1008 964 Aculeus
1020 886 1187 989 longitu-
1255 905 1261 922 ·

129 999 221 1078 diua
235 1003 368 1080 tertiae
382 1015 611 1106 autquartse
623 1005 741 1108 partis
754 1004 976 1083 abdominis.

208 1121 334 1198 Mares
357 1137 398 1199 et
415 1123 734 1227 feminae-passim
755 1125 794 1198 in
813 1125 958 1202 Silesia
974 1126 1065 1202 leeti
1088 1142 1188 1220 sunt,

131 1241 323 1318 mensibus
344 1243 446 1318 Iunii
466 1259 504 1320 et
518 1245 693 1346 Augusti,
720 1269 887 1320 necnon
908 1245 1007 1320 cirea
1029 1247 1188 1352 Niesky,

131 1359 297 1460 Steglitz
343 1378 383 1439 et
425 1363 731 1455 Helmstadium,
781 1363 972 1440 mensibus
1015 1365 1104 1441 Iulii
1148 1381 1188 1442 et

130 1481 303 1583 Augusti,
326 1482 366 1558 iu
380 1483 856 1562 umhellatisetfrutieetis.
904 1485 1059 1576 Marem,
1081 1513 1187 1562 eum-

134 1627 212 1704 que
232 1601 384 1678 unicum
405 1621 597 1706 segmento
611 1612 636 1686 4
649 1619 732 1682 tato
746 1603 849 1696 ruso,
877 1608 962 1710 eepi
985 1604 1026 1681 iu
1041 1631 1187 1683 summo

134 1721 331 1798 cacumine
370 1723 609 1816 Sudetarum,
646 1723 914 1832 Sckneekoppe
945 1725 1187 1828 appellatum,

134 1841 199 1932 die
210 1851 260 1925 29
272 1842 442 1944 Augusti.
489 1843 614 1920 Mares
628 1844 815 1934 nonnulli,
836 1845 935 1926 circa
949 1845 1187 1947 Gottingam,

133 1960 432 2050 Sinkerslrausen
446 1976 485 2038 et
496 1963 695 2053 Parmam,
706 1963 953 2066 feminaeque,
969 1964 1066 2041 circa
1079 1968 1189 2044 Han-

134 2107 335 2172 nomam,
366 2081 512 2160 Halam
537 2081 763 2173 Saxonum,
799 2084 1114 2186 Norimbergam,
1147 2085 1188 2161 in

134 2201 343 2302 Hungaria
361 2217 402 2278 et
424 2201 466 2283 V
462 2201 640 2308 sibyrtio,
667 2202 777 2294 lecti,
803 2227 952 2281 meeum
979 2205 1188 2281 eommuni-

135 2323 212 2400 eati
235 2337 332 2399 sunt.

547 2511 781 2626 varietas:

142 2727 145 2732 ¹
216 2694 248 2765 1.
276 2688 413 2762 Tarsis
434 2690 594 2788 posticis
619 2691 712 2762 totis
737 2689 880 2785 nigris.
894 2713 944 2760 m.
970 2725 1024 2744 -
1048 2684 1189 2784 longi·

135 2804 234 2884 tudo
253 2804 316 2906 bil,
345 2804 541 2883 linearum.
595 2802 731 2882 Titine
747 2813 919 2908 posticae
938 2803 1081 2905 nigrae,
1107 2804 1189 2880 basi

136 2951 279 3002 summa
303 2927 423 3002 badia.
477 2928 644 3004 Femora
670 2931 868 3001 anteriora
892 2922 971 2999 basi
995 2923 1110 3025 nigra.
1137 2967 1191 2985 -

136 3047 295 3122 Caetera
316 3045 415 3120 sieut
434 3046 474 3120 in
493 3044 666 3149 plurimis
687 3043 853 3120 maribus
871 3043 1053 3145 genuinis.

207 3167 318 3242 Hune
337 3189 477 3241 marem
494 3163 543 3244 ab
556 3162 752 3242 Uechtritz
772 3163 876 3267 cepit
896 3186 1016 3266 propa
1027 3163 1190 3264 Steglitz
1281 3222 1283 3227 -

136 3284 178 3362 in
196 3285 288 3388 pino
309 3284 496 3387 sylvestri.

151 3579 155 3588 .
525 3507 802 3609 synonymus

136 3644 244 3724 Irin.
264 3647 480 3744 laevigatur
495 3642 639 3720 Villers
660 3651 806 3745 p.193,
833 3671 870 3718 n.
892 3651 982 3733 1893
1008 3641 1130 3719 rarior
1148 3643 1189 3720 in

348 3763 483 3842 Gattta
505 3766 683 3841 australi.

153 3927 156 3934 '
187 3937 210 3974 ss
264 3879 412 3958 Olivier
437 3909 475 3987 P·
497 3891 594 3976 216,
619 3909 656 3962 ss·
689 3883 757 3974 55⁸,
783 3883 825 3959 in
851 3883 986 3964 Gallia
1013 3883 1191 3965 meridio-

348 4003 440 4082 nali.
774 4051 775 4056 Ν
1029 4059 1032 4067 .
1113 4059 1116 4068 .
