2652 4628
244 235 294 308 52
341 223 346 232 '
690 230 856 300 usurus

244 431 411 496 mentum
445 414 608 516 primum
640 411 865 517 plerumque
898 413 1100 494 latitudine
1138 418 1310 522 longius

240 537 348 614 basin
363 561 491 613 versus
505 534 644 612 sensim
659 534 775 635 paulo
788 549 1046 637 angustatum,
1073 540 1310 617 canalicula-

239 673 321 732 tum
342 671 408 734 aut
427 654 788 732 subcaunliculatum
801 669 867 732 aut
879 655 1153 750 laevissimum,
1183 663 1310 738 rarius:

238 779 319 854 iere
340 775 649 879 quadrangulare.
702 773 900 874 Segmeutu
913 779 937 856 5
951 783 1029 856 etd
1047 793 1179 858 ventre
1204 779 1310 858 hauc

239 900 442 987 fissusuut,
469 895 535 972 sed
547 907 761 996 aperturam
775 892 976 996 obtegunt,
1002 923 1310 1002 parquumacu.

236 1019 319 1098 leus
340 1016 536 1096 exseritur.
564 1057 618 1072 -
641 1015 813 1094 Aculeus
831 1015 1072 1120 longitudine
1086 1021 1310 1106 abdominis

236 1155 302 1216 aut
315 1163 361 1216 eo
372 1139 535 1241 longior.
1171 1215 1176 1222 .

313 1258 580 1362 Trcsspecics,
602 1256 907 1358 grisaascilicet,
927 1275 1142 1340 tomcntosa
1155 1277 1198 1342 et
1211 1261 1310 1344 bra.-

233 1379 468 1484 cbycentra,
493 1379 659 1458 scutello
677 1377 816 1458 latiore
835 1379 1008 1483 planiore
1029 1381 1306 1486 subquadrato,

233 1503 382 1604 apicem
401 1525 531 1580 versus
552 1499 691 1577 sensim
710 1514 925 1600 angustato,
952 1502 1148 1606 araliquis
1160 1529 1305 1608 cospe-

232 1623 364 1700 ciebua
387 1621 503 1698 etiarn
528 1620 711 1696 differunt
736 1643 896 1722 corpore
921 1622 1037 1724 magis
1064 1637 1300 1716 tomentoso,

154 1741 157 1746 ’
231 1743 357 1846 capite
379 1741 532 1832 latiore,
559 1740 681 1816 oculis
702 1739 909 1842 majoribus
934 1743 1130 1845 magisque
1148 1747 1299 1845 promi-

231 1866 350 1955 unlis,
377 1863 579 1966 forsanque
599 1861 641 1938 in
659 1862 891 1965 pecudisrem
906 1861 1089 1938 familiam
1104 1867 1296 1966 segregari

229 2001 394 2087 possent.
448 1985 494 2062 L.
515 1990 688 2072 murina,
718 2008 832 2085 quae,
865 1982 1013 2060 ratione
1036 1983 1180 2060 formae
1204 2011 1295 2064 scu-

229 2107 333 2197 aelli,
354 2103 520 2182 medium
532 2118 638 2182 tenet
657 2103 758 2179 inter
771 2117 847 2179 tres
866 2103 956 2180 istus
970 2117 1010 2180 et
1022 2103 1187 2206 reliquas
1203 2133 1293 2209 spe-

227 2229 322 2317 cies,
350 2248 511 2330 corpore
522 2237 738 2300 tomentoso
751 2223 925 2325 congruit
936 2249 1024 2300 cum
1039 2222 1135 2316 illis,
1162 2227 1290 2330 capite

226 2362 405 2426 autemct
418 2339 542 2422 oculis
556 2369 644 2420 cum
659 2341 829 2445 reliquis.

301 2467 539 2546 Affinitatum
558 2463 839 2542 Lissouotarum
857 2489 944 2540 cum
959 2463 1228 2569 Tryphonibus
1240 2485 1285 2546 et

224 2589 384 2694 Glyptis
398 2611 512 2689 supra
522 2585 599 2686 jam
613 2584 843 2663 mentionem
857 2583 944 2662 ieci.
960 2627 1012 2644 -
1030 2585 1283 2690 Polyrphinc-

223 2725 288 2788 tae
306 2736 327 2784 a
348 2707 557 2784 Lissonotis
580 2705 762 2780 differunt
781 2703 956 2782 incisuris
970 2706 1279 2786 transversalibus

221 2828 444 2918 abdominis,
466 2843 507 2904 et
520 2823 720 2928 segmentis
734 2823 881 2900 duobus
896 2824 1039 2901 ultimis
1053 2827 1277 2904 ventre'lon·

220 2948 482 3053 gitudinalitar
500 2945 611 3024 fissis.
637 2989 687 3004 -
713 2949 744 3022 A
766 2945 964 3047 speciebus
985 2945 1273 3039 Lissonoturum,

220 3071 347 3147 areola
363 3069 486 3157 nulla,
514 3094 549 3142 v.
565 3091 599 3142 c.
615 3065 661 3140 ab
677 3079 917 3155 accusatore,
943 3081 1185 3169 occupatore,
1208 3067 1273 3146 de·

216 3198 426 3281 aimator'e,
451 3187 718 3291 Schizopygae
736 3185 918 3264 differunt
932 3181 1069 3262 habitu
1083 3201 1179 3278 toto,
1204 3214 1271 3290 pe·
1300 3239 1301 3279 ,

217 3311 328 3388 dibus
347 3309 497 3398 crassis,
524 3309 658 3385 aculeo
679 3307 919 3396 brevissimo,
947 3306 1267 3408 segmentisdet7

217 3445 349 3507 ventre
364 3429 509 3517 incisis,
533 3430 578 3504 ab
600 3428 774 3504 omuibus
795 3443 938 3516 autem,
967 3427 1139 3504 incisuris
1153 3443 1265 3505 trans-

217 3549 424 3625 versalibus
448 3547 670 3625 abdominis.
703 3591 756 3604 -
789 3551 1041 3652 Glistopygae
1066 3546 1112 3622 ab
1140 3549 1261 3628 iisdem
1297 3519 1298 3603 i

215 3669 498 3805 Lissonoturum
515 3669 724 3771 speciebus,
752 3667 1067 3802 modouallnegntis,
1093 3667 1259 3804 differunt

211 3789 412 3866 abdomine
427 3815 662 3894 corporaque
676 3803 762 3864 toto
773 3786 1009 3890 longioribus
1027 3803 1066 3864 et
1080 3805 1256 3890 augustio·
1292 3839 1295 3927 ⁴

211 3910 334 4000 ribus,
362 3911 535 3988 incisuris
551 3909 860 3986 transies-salibus
883 3907 1109 3998 abdominis,
1134 3911 1252 4023 aculeo

208 4031 392 4110 breviore·⁸
424 4030 888 4134 ·-·Pimplaedisceduut
909 4059 931 4106 a
951 4029 1169 4122 bissonotis,
1193 4031 1250 4106 ub·
1290 4103 1291 4106 .
