2806 4632
284 236 383 287 rau.
412 221 462 298 ΙΙ,
492 233 604 286 secr.
633 235 673 287 ιι.
705 235 962 287 nrssonora.
1110 223 1160 296 63

106 401 253 482 articuli
288 399 400 504 primi
435 396 660 482 rufesconte.
724 399 924 480 Abdcmerr
950 403 1160 504 lsegrnenns

106 534 199 604 1-5
215 522 315 602 sicut
328 518 368 596 in
389 519 516 622 specie
533 519 714 622 genuina3
740 521 929 598 interdurn
943 525 1159 600 venustiani

103 653 134 734 4,
156 646 195 720 in
209 668 312 720 marc
325 639 446 720 rarius
461 665 615 744 quoque
628 643 664 730 5,
687 641 1013 744 flavornargirutis.
1055 647 1161 722 Acu-

101 769 178 844 Ieus
191 759 394 842 abdomine
413 759 474 836 vix
495 761 610 864 paulo
624 760 794 864 longior,
821 764 979 844 autfero
991 763 1159 866 longitu-

101 886 183 962 dine
203 880 390 985 corporis.

169 1005 255 1080 Mas
270 1019 310 1078 et
324 1001 475 1110 femina,
503 1000 604 1076 circa
617 1001 794 1080 Parisios
807 1017 846 1079 et
859 1001 1160 1082 Sinkershousen

100 1123 212 1228 capti,
239 1138 437 1226 praeterea
452 1121 636 1226 quaedam
648 1122 829 1212 feminae,
855 1123 957 1198 circa
975 1117 1162 1200 Parmam

101 1259 135 1318 et
172 1239 438 1322 Wormbrunn
477 1257 628 1344 captae,
673 1267 822 1318 mecum
861 1244 1161 1322 communicatae

101 1378 197 1454 sunt3
223 1361 582 1442 wurmbrunnenses
596 1361 756 1466 pedibus
770 1363 889 1467 magis
905 1363 1021 1467 nigris
1037 1365 1162 1442 arelib

101 1485 177 1585 quis
197 1482 416 1561 distinctae.

167 1717 203 1804 2.
225 1721 410 1802 Thorace
422 1737 459 1799 et
466 1721 688 1824 semoribus
700 1729 861 1826 posticis
871 1728 966 1804 totis
978 1729 1109 1826 nigris.
1132 1724 1158 1802 f.

99 1885 145 1902 -
169 1842 396 1944 longitudo
418 1847 442 1922 4
463 1842 661 1921 lineorum.
718 1848 849 1949 Caput
874 1844 1013 1947 clypeo
1038 1843 1158 1921 fulvo.

101 1966 304 2042 Antennae
324 1964 456 2038 subtus
476 1962 731 2065 ferruginenc,
758 1961 929 2038 articulis
947 1971 1056 2043 1--3
1069 1965 1162 2039 totis

101 2084 222 2186 nigris.
280 2082 498 2160 Scutellnm
532 2083 684 2184 punctis
714 2083 862 2158 duobus
889 2080 1006 2160 flavis.
1060 2087 1163 2162 Aloe

101 2201 194 2278 sicut
220 2203 263 2280 in
296 2203 423 2305 specie
451 2201 625 2304 genuina.
680 2201 802 2282 Pedes
823 2202 1030 2280 anteriores
1057 2203 1163 2278 coxis

102 2321 228 2426 nigris,
262 2321 572 2402 trochanteribus
602 2323 728 2414 flavis,
762 2323 897 2400 mediis
929 2321 1011 2398 basi
1045 2323 1162 2425 nigra,

99 2441 443 2536 femoribusflavis,
471 2465 633 2545 superne
645 2442 779 2535 fuscis,
805 2443 912 2520 tibiis
926 2441 1060 2533 fulvis,
1087 2459 1164 2520 tan·

102 2563 148 2638 sis
162 2563 300 2640 anticis
314 2565 424 2655 rufis,
452 2562 586 2642 mediis
600 2562 737 2654 suscis;
763 2561 903 2666 postici
918 2563 1027 2664 nigri,
1054 2562 1162 2638 tibiis

101 2681 201 2759 basin
211 2709 345 2760 versus
361 2687 471 2774 rufis,
499 2682 579 2758 basi
600 2684 682 2787 ipsa
701 2685 807 2760 flava.
863 2679 1065 2762 Abdomen
1081 2707 1163 2784 scg-

102 2805 272 2884 montisc
289 2820 328 2880 et
343 2816 366 2884 8
381 2829 527 2880 summo
540 2804 709 2904 margine
723 2803 936 2878 stramineo.
993 2803 1164 2882 Aculeus

103 2909 307 3002 abdorninis
328 2923 583 3025 longitudine,
610 2923 758 3002 terebra
774 2923 870 3001 rufa.

171 3046 333 3122 Unicam
360 3059 552 3124 etruscum
580 3045 759 3122 feminam
789 3071 816 3122 o
842 3041 1045 3121 Sannitole
1070 3035 1164 3112 mihi

104 3165 317 3242 transmisit.

174 3417 208 3488 8.
236 3408 359 3484 Fucr'e
382 3403 542 3484 thorace
560 3421 598 3484 et
616 3408 778 3484 scutelle
794 3408 887 3480 totis
899 3403 1032 3502 nigris.
1059 3397 1085 3476 f.
1113 3439 1166 3458 -·

107 3525 322 3626 Longitudo
334 3524 415 3601 sere
430 3526 665 3604 4linearum.
722 3531 851 3626 Caput
866 3521 991 3625 pulpis
1004 3534 1044 3595 et
1056 3519 1165 3594 labro

109 3643 440 3744 piceostramineis.
453 3647 572 3724 vAloe
585 3661 628 3738 ut
643 3645 684 3720 in
698 3643 826 3746 specie
839 3640 1016 3743 genuina.
1044 3639 1167 3736 Pedes

107 3765 429 3854 anterioresfulvi,
458 3766 562 3842 coxis
576 3779 615 3839 et
630 3761 932 3849 trochanteribus
949 3759 1077 3862 nigris,
1101 3757 1165 3854 ¹his

110 3885 234 3961 subtus
270 3901 309 3961 et
335 3887 445 3988 apice
477 3884 600 3982 flavis,
636 3883 745 3958 tarsis
779 3878 1166 3978 subfuscescentibluu

111 4005 240 4103 postici
275 4007 364 4098 rufi,
398 4005 503 4082 coxis
530 4020 570 4084 ct
596 4001 901 4096 trochanteribus
937 4000 1070 4103 nigris,
1101 3987 1165 4073 ¹his
