<?xml version="1.0" encoding="UTF-8"?>
<!DOCTYPE html PUBLIC "-//W3C//DTD XHTML 1.0 Transitional//EN"
    "http://www.w3.org/TR/xhtml1/DTD/xhtml1-transitional.dtd">
<html xmlns="http://www.w3.org/1999/xhtml" xml:lang="en" lang="en">
 <head>
  <title>
</title>
<meta http-equiv="Content-Type" content="text/html;charset=utf-8" />
  <meta name='ocr-system' content='tesseract 3.04.00' />
  <meta name='ocr-capabilities' content='ocr_page ocr_carea ocr_par ocr_line ocrx_word'/>
</head>
<body>
  <div class='ocr_page' id='page_1' title='image "./ichneumonologia00cgrgoog_0175.png"; bbox 0 0 2668 4626; ppageno 0'>
   <div class='ocr_carea' id='block_1_1' title="bbox 231 203 961 296">
    <p class='ocr_par' dir='ltr' id='par_1_1' title="bbox 231 203 961 296">
     <span class='ocr_line' id='line_1_1' title="bbox 231 203 961 296; baseline -0.007 -2"><span class='ocrx_word' id='word_1_1' title='bbox 231 223 305 296; x_wconf 82' lang='lat'><strong>176</strong></span> <span class='ocrx_word' id='word_1_2' title='bbox 384 203 387 209; x_wconf 62' lang='grc'><strong>’</strong></span> <span class='ocrx_word' id='word_1_3' title='bbox 687 237 853 290; x_wconf 78' lang='lat' dir='ltr'><strong>rrurrcn</strong></span> <span class='ocrx_word' id='word_1_4' title='bbox 957 243 961 250; x_wconf 52' lang='lat'><strong>⁴</strong></span> 
     </span>
    </p>
   </div>
   <div class='ocr_carea' id='block_1_2' title="bbox 220 398 1289 1703">
    <p class='ocr_par' dir='ltr' id='par_1_2' title="bbox 220 398 1289 1703">
     <span class='ocr_line' id='line_1_2' title="bbox 302 398 1286 507; baseline -0.002 -25"><span class='ocrx_word' id='word_1_5' title='bbox 302 401 409 482; x_wconf 78' lang='lat' dir='ltr'><strong>chn.</strong></span> <span class='ocrx_word' id='word_1_6' title='bbox 437 417 621 482; x_wconf 79' lang='lat' dir='ltr'><strong>eoeiensor</strong></span> <span class='ocrx_word' id='word_1_7' title='bbox 639 401 846 504; x_wconf 81' lang='lat' dir='ltr'><strong>Fourcroyi</strong></span> <span class='ocrx_word' id='word_1_8' title='bbox 866 415 925 478; x_wconf 81' lang='lat' dir='ltr'><strong>est</strong></span> <span class='ocrx_word' id='word_1_9' title='bbox 937 398 1042 477; x_wconf 79' lang='lat' dir='ltr'><strong>lehn.</strong></span> <span class='ocrx_word' id='word_1_10' title='bbox 1063 401 1286 507; x_wconf 81' lang='lat' dir='ltr'><strong>&#39;Gcoffroyi,</strong></span> 
     </span>
     <span class='ocr_line' id='line_1_3' title="bbox 229 521 1289 628; baseline -0.004 -24"><span class='ocrx_word' id='word_1_11' title='bbox 229 555 265 604; x_wconf 88' lang='lat' dir='ltr'><strong>n.</strong></span> <span class='ocrx_word' id='word_1_12' title='bbox 289 535 339 606; x_wconf 72' lang='grc'><strong>86</strong></span> <span class='ocrx_word' id='word_1_13' title='bbox 366 551 403 628; x_wconf 90' lang='lat' dir='ltr'><strong>p.</strong></span> <span class='ocrx_word' id='word_1_14' title='bbox 427 527 520 614; x_wconf 79' lang='grc'><strong>359,</strong></span> <span class='ocrx_word' id='word_1_15' title='bbox 546 547 659 626; x_wconf 90' lang='lat' dir='ltr'><strong>quem</strong></span> <span class='ocrx_word' id='word_1_16' title='bbox 684 523 836 626; x_wconf 88' lang='lat' dir='ltr'><strong>quidem</strong></span> <span class='ocrx_word' id='word_1_17' title='bbox 855 521 1012 624; x_wconf 82' lang='lat' dir='ltr'><strong>plurimi</strong></span> <span class='ocrx_word' id='word_1_18' title='bbox 1035 537 1206 600; x_wconf 78' lang='lat' dir='ltr'><strong>auctores</strong></span> <span class='ocrx_word' id='word_1_19' title='bbox 1235 525 1289 600; x_wconf 89' lang='lat' dir='ltr'><strong>ad</strong></span> 
     </span>
     <span class='ocr_line' id='line_1_4' title="bbox 227 641 1285 747; baseline -0.004 -23"><span class='ocrx_word' id='word_1_20' title='bbox 227 661 466 724; x_wconf 78' lang='lat' dir='ltr'><strong>extensorem</strong></span> <span class='ocrx_word' id='word_1_21' title='bbox 487 641 686 734; x_wconf 87' lang='lat' dir='ltr'><strong>adhibent,</strong></span> <span class='ocrx_word' id='word_1_22' title='bbox 719 642 785 745; x_wconf 74' lang='lat' dir='ltr'><strong>q‘ui</strong></span> <span class='ocrx_word' id='word_1_23' title='bbox 805 641 1085 718; x_wconf 83' lang='lat' dir='ltr'><strong>autcm&#39;colore</strong></span> <span class='ocrx_word' id='word_1_24' title='bbox 1112 647 1285 747; x_wconf 89' lang='lat' dir='ltr'><strong>corporis</strong></span> 
     </span>
     <span class='ocr_line' id='line_1_5' title="bbox 226 761 1284 865; baseline -0.001 -24"><span class='ocrx_word' id='word_1_25' title='bbox 226 766 415 854; x_wconf 86' lang='lat' dir='ltr'><strong>brunnen,</strong></span> <span class='ocrx_word' id='word_1_26' title='bbox 448 761 649 840; x_wconf 73' lang='lat' dir='ltr'>abdomine</span> <span class='ocrx_word' id='word_1_27' title='bbox 673 762 878 865; x_wconf 83' lang='lat' dir='ltr'><strong>patiolato,</strong></span> <span class='ocrx_word' id='word_1_28' title='bbox 921 777 994 838; x_wconf 83' lang='lat' dir='ltr'><strong>etc.</strong></span> <span class='ocrx_word' id='word_1_29' title='bbox 1024 761 1114 836; x_wconf 89' lang='lat' dir='ltr'><strong>satis</strong></span> <span class='ocrx_word' id='word_1_30' title='bbox 1141 763 1284 855; x_wconf 84' lang='lat' dir='ltr'><strong>differt,</strong></span> 
     </span>
     <span class='ocr_line' id='line_1_6' title="bbox 225 881 1287 988; baseline -0.001 -28"><span class='ocrx_word' id='word_1_31' title='bbox 225 885 431 988; x_wconf 88' lang='lat' dir='ltr'><strong>potiusque</strong></span> <span class='ocrx_word' id='word_1_32' title='bbox 450 881 497 958; x_wconf 90' lang='lat' dir='ltr'><strong>ad</strong></span> <span class='ocrx_word' id='word_1_33' title='bbox 515 883 726 960; x_wconf 85' lang='lat' dir='ltr'><strong>Broconcm</strong></span> <span class='ocrx_word' id='word_1_34' title='bbox 748 885 943 960; x_wconf 74' lang='lat' dir='ltr'><strong>clavatum</strong></span> <span class='ocrx_word' id='word_1_35' title='bbox 976 881 1187 985; x_wconf 83' lang='lat' dir='ltr'><strong>(Cryptum</strong></span> <span class='ocrx_word' id='word_1_36' title='bbox 1201 887 1287 961; x_wconf 83' lang='lat' dir='ltr'><strong>clo-</strong></span> 
     </span>
     <span class='ocr_line' id='line_1_7' title="bbox 224 999 1286 1101; baseline -0.005 -18"><span class='ocrx_word' id='word_1_37' title='bbox 224 1021 354 1084; x_wconf 71' lang='lat' dir='ltr'><strong>cutum</strong></span> <span class='ocrx_word' id='word_1_38' title='bbox 374 1005 483 1078; x_wconf 82' lang='lat' dir='ltr'><strong>Pana.</strong></span> <span class='ocrx_word' id='word_1_39' title='bbox 504 999 621 1078; x_wconf 83' lang='lat' dir='ltr'><strong>Faun.</strong></span> <span class='ocrx_word' id='word_1_40' title='bbox 643 1001 732 1077; x_wconf 82' lang='lat' dir='ltr'><strong>fasc.</strong></span> <span class='ocrx_word' id='word_1_41' title='bbox 756 1009 847 1092; x_wconf 68' lang='lat'>102,</span> <span class='ocrx_word' id='word_1_42' title='bbox 873 999 949 1076; x_wconf 88' lang='lat' dir='ltr'><strong>tab.</strong></span> <span class='ocrx_word' id='word_1_43' title='bbox 974 1003 1042 1101; x_wconf 78' lang='lat'><strong>16)</strong></span> <span class='ocrx_word' id='word_1_44' title='bbox 1067 1001 1199 1078; x_wconf 83' lang='lat' dir='ltr'><strong>referri</strong></span> <span class='ocrx_word' id='word_1_45' title='bbox 1213 1003 1286 1078; x_wconf 86' lang='lat' dir='ltr'><strong>de-</strong></span> 
     </span>
     <span class='ocr_line' id='line_1_8' title="bbox 222 1118 1283 1225; baseline -0.001 -27"><span class='ocrx_word' id='word_1_46' title='bbox 222 1124 303 1214; x_wconf 89' lang='lat' dir='ltr'><strong>bet,</strong></span> <span class='ocrx_word' id='word_1_47' title='bbox 331 1123 397 1225; x_wconf 86' lang='lat' dir='ltr'><strong>qui</strong></span> <span class='ocrx_word' id='word_1_48' title='bbox 423 1122 471 1198; x_wconf 86' lang='lat' dir='ltr'><strong>in&#39;</strong></span> <span class='ocrx_word' id='word_1_49' title='bbox 488 1121 609 1196; x_wconf 90' lang='lat' dir='ltr'><strong>domis</strong></span> <span class='ocrx_word' id='word_1_50' title='bbox 636 1121 737 1223; x_wconf 88' lang='lat' dir='ltr'><strong>apud</strong></span> <span class='ocrx_word' id='word_1_51' title='bbox 768 1146 835 1197; x_wconf 87' lang='lat' dir='ltr'><strong>nos</strong></span> <span class='ocrx_word' id='word_1_52' title='bbox 862 1118 963 1197; x_wconf 87' lang='lat' dir='ltr'><strong>hand</strong></span> <span class='ocrx_word' id='word_1_53' title='bbox 993 1145 1077 1196; x_wconf 90' lang='lat' dir='ltr'><strong>raro</strong></span> <span class='ocrx_word' id='word_1_54' title='bbox 1112 1121 1283 1213; x_wconf 79' lang='lat' dir='ltr'><strong>obvenit,</strong></span> 
     </span>
     <span class='ocr_line' id='line_1_9' title="bbox 224 1227 1286 1344; baseline -0.003 -26"><span class='ocrx_word' id='word_1_55' title='bbox 224 1243 409 1344; x_wconf 88' lang='lat' dir='ltr'><strong>cujusque</strong></span> <span class='ocrx_word' id='word_1_56' title='bbox 421 1241 524 1318; x_wconf 82' lang='lat' dir='ltr'><strong>larva</strong></span> <span class='ocrx_word' id='word_1_57' title='bbox 538 1241 578 1316; x_wconf 90' lang='lat' dir='ltr'><strong>in</strong></span> <span class='ocrx_word' id='word_1_58' title='bbox 592 1227 705 1318; x_wconf 87' lang='lat' dir='ltr'><strong>larvis</strong></span> <span class='ocrx_word' id='word_1_59' title='bbox 721 1239 858 1318; x_wconf 86' lang='lat' dir='ltr'><strong>Anobii</strong></span> <span class='ocrx_word' id='word_1_60' title='bbox 875 1238 1078 1342; x_wconf 83' lang='lat' dir='ltr'><strong>pertinacis</strong></span> <span class='ocrx_word' id='word_1_61' title='bbox 1096 1240 1210 1342; x_wconf 85' lang='lat' dir='ltr'><strong>degit.</strong></span> <span class='ocrx_word' id='word_1_62' title='bbox 1226 1286 1286 1302; x_wconf 90' lang='lat'><em>-</em></span> 
     </span>
     <span class='ocr_line' id='line_1_10' title="bbox 223 1357 1285 1450; baseline -0.004 -12"><span class='ocrx_word' id='word_1_63' title='bbox 223 1364 303 1438; x_wconf 85' lang='lat' dir='ltr'><strong>Nec</strong></span> <span class='ocrx_word' id='word_1_64' title='bbox 322 1362 430 1438; x_wconf 81' lang='lat' dir='ltr'><strong>chn.</strong></span> <span class='ocrx_word' id='word_1_65' title='bbox 453 1375 636 1438; x_wconf 71' lang='lat' dir='ltr'><strong>extensos</strong></span> <span class='ocrx_word' id='word_1_66' title='bbox 662 1358 827 1435; x_wconf 85' lang='lat' dir='ltr'><strong>Schranl</strong></span> <span class='ocrx_word' id='word_1_67' title='bbox 847 1357 977 1448; x_wconf 89' lang='lat' dir='ltr'><strong>Boica,</strong></span> <span class='ocrx_word' id='word_1_68' title='bbox 1012 1385 1048 1434; x_wconf 92' lang='lat' dir='ltr'><strong>n.</strong></span> <span class='ocrx_word' id='word_1_69' title='bbox 1076 1367 1194 1450; x_wconf 73' lang='lat'><strong>2068,</strong></span> <span class='ocrx_word' id='word_1_70' title='bbox 1227 1363 1285 1435; x_wconf 88' lang='lat' dir='ltr'><strong>ti-</strong></span> 
     </span>
     <span class='ocr_line' id='line_1_11' title="bbox 220 1477 1283 1584; baseline 0.002 -30"><span class='ocrx_word' id='word_1_71' title='bbox 220 1480 295 1554; x_wconf 91' lang='lat' dir='ltr'><strong>biis</strong></span> <span class='ocrx_word' id='word_1_72' title='bbox 329 1479 461 1556; x_wconf 76' lang='lat' dir='ltr'><strong>enticis</strong></span> <span class='ocrx_word' id='word_1_73' title='bbox 488 1480 674 1584; x_wconf 70' lang='lat' dir='ltr'><strong>tersisque</strong></span> <span class='ocrx_word' id='word_1_74' title='bbox 702 1479 836 1559; x_wconf 82' lang='lat' dir='ltr'><strong>enticis</strong></span> <span class='ocrx_word' id='word_1_75' title='bbox 864 1477 997 1581; x_wconf 84' lang='lat' dir='ltr'><strong>nigris,</strong></span> <span class='ocrx_word' id='word_1_76' title='bbox 1036 1479 1082 1554; x_wconf 85' lang='lat' dir='ltr'><strong>ad</strong></span> <span class='ocrx_word' id='word_1_77' title='bbox 1113 1495 1283 1556; x_wconf 89' lang='lat' dir='ltr'><strong>nostram</strong></span> 
     </span>
     <span class='ocr_line' id='line_1_12' title="bbox 222 1598 574 1703; baseline -0.017 -21"><span class='ocrx_word' id='word_1_78' title='bbox 222 1598 388 1703; x_wconf 81' lang='lat' dir='ltr'><strong>speciem</strong></span> <span class='ocrx_word' id='word_1_79' title='bbox 417 1614 574 1703; x_wconf 85' lang='lat' dir='ltr'><strong>spectat.</strong></span> 
     </span>
    </p>
   </div>
   <div class='ocr_carea' id='block_1_3' title="bbox 484 2013 1005 2131">
    <p class='ocr_par' dir='ltr' id='par_1_3' title="bbox 484 2013 1005 2131">
     <span class='ocr_line' id='line_1_13' title="bbox 484 2013 1005 2131; baseline -0.004 -39"><span class='ocrx_word' id='word_1_80' title='bbox 484 2013 558 2108; x_wconf 65' lang='lat' dir='ltr'><strong>aa.</strong></span> <span class='ocrx_word' id='word_1_81' title='bbox 599 2023 635 2094; x_wconf 84' lang='lat' dir='ltr'><strong>r.</strong></span> <span class='ocrx_word' id='word_1_82' title='bbox 657 2023 901 2131; x_wconf 62' lang='lat' dir='ltr'><strong>emonam.</strong></span> <span class='ocrx_word' id='word_1_83' title='bbox 930 2019 1005 2106; x_wconf 61' lang='lat' dir='ltr'><strong>a„</strong></span> 
     </span>
    </p>
   </div>
   <div class='ocr_carea' id='block_1_4' title="bbox 418 2144 1280 2586">
    <p class='ocr_par' dir='ltr' id='par_1_4' title="bbox 418 2144 1280 2586">
     <span class='ocr_line' id='line_1_14' title="bbox 418 2144 1279 2284; baseline -0.001 -22"><span class='ocrx_word' id='word_1_84' title='bbox 418 2193 606 2262; x_wconf 83' lang='lat' dir='ltr'><strong>Abdomine</strong></span> <span class='ocrx_word' id='word_1_85' title='bbox 632 2144 971 2284; x_wconf 59' lang='lat' dir='ltr'><strong>cutenmcinpulamt</strong></span> <span class='ocrx_word' id='word_1_86' title='bbox 1006 2191 1153 2282; x_wconf 85' lang='lat' dir='ltr'><strong>pedibus</strong></span> <span class='ocrx_word' id='word_1_87' title='bbox 1175 2193 1279 2276; x_wconf 62' lang='lat' dir='ltr'><strong>mfim</strong></span> 
     </span>
     <span class='ocr_line' id='line_1_15' title="bbox 419 2293 1277 2386; baseline -0.003 -24"><span class='ocrx_word' id='word_1_88' title='bbox 419 2294 511 2362; x_wconf 86' lang='lat' dir='ltr'><strong>tibiis</strong></span> <span class='ocrx_word' id='word_1_89' title='bbox 525 2299 616 2386; x_wconf 85' lang='lat' dir='ltr'><strong>apice</strong></span> <span class='ocrx_word' id='word_1_90' title='bbox 634 2308 754 2366; x_wconf 77' lang='lat' dir='ltr'><strong>etanta</strong></span> <span class='ocrx_word' id='word_1_91' title='bbox 772 2297 867 2364; x_wconf 77' lang='lat' dir='ltr'><strong>basin</strong></span> <span class='ocrx_word' id='word_1_92' title='bbox 879 2293 991 2384; x_wconf 79' lang='lat' dir='ltr'><strong>luscis,</strong></span> <span class='ocrx_word' id='word_1_93' title='bbox 1014 2296 1151 2384; x_wconf 82' lang='lat' dir='ltr'><strong>posticis</strong></span> <span class='ocrx_word' id='word_1_94' title='bbox 1162 2295 1277 2362; x_wconf 86' lang='lat' dir='ltr'><strong>medio</strong></span> 
     </span>
     <span class='ocr_line' id='line_1_16' title="bbox 419 2394 1280 2513; baseline 0 -49"><span class='ocrx_word' id='word_1_95' title='bbox 419 2407 453 2513; x_wconf 74' lang='lat' dir='ltr'><strong>et</strong></span> <span class='ocrx_word' id='word_1_96' title='bbox 471 2397 543 2464; x_wconf 89' lang='lat' dir='ltr'><strong>basi</strong></span> <span class='ocrx_word' id='word_1_97' title='bbox 562 2397 656 2470; x_wconf 79' lang='lat' dir='ltr'><strong>albis.</strong></span> <span class='ocrx_word' id='word_1_98' title='bbox 688 2396 713 2466; x_wconf 83' lang='lat' dir='ltr'><strong>s.</strong></span> <span class='ocrx_word' id='word_1_99' title='bbox 757 2395 884 2480; x_wconf 83' lang='lat' dir='ltr'><strong>(aculeo</strong></span> <span class='ocrx_word' id='word_1_100' title='bbox 908 2418 1049 2508; x_wconf 76' lang='lat' dir='ltr'><strong>corpore</strong></span> <span class='ocrx_word' id='word_1_101' title='bbox 1074 2394 1172 2484; x_wconf 87' lang='lat' dir='ltr'><strong>paulo</strong></span> <span class='ocrx_word' id='word_1_102' title='bbox 1193 2395 1280 2464; x_wconf 86' lang='lat' dir='ltr'><strong>bre-</strong></span> 
     </span>
     <span class='ocr_line' id='line_1_17' title="bbox 418 2517 535 2586; baseline 0 -22"><span class='ocrx_word' id='word_1_103' title='bbox 418 2517 535 2586; x_wconf 74' lang='lat' dir='ltr'><strong>olore).</strong></span> 
     </span>
    </p>
   </div>
   <div class='ocr_carea' id='block_1_5' title="bbox 210 2667 1329 4088">
    <p class='ocr_par' dir='ltr' id='par_1_5' title="bbox 216 2667 1279 3132">
     <span class='ocr_line' id='line_1_18' title="bbox 294 2667 1279 2776; baseline 0 -30"><span class='ocrx_word' id='word_1_104' title='bbox 294 2667 462 2746; x_wconf 82' lang='lat' dir='ltr'><strong>Statura</strong></span> <span class='ocrx_word' id='word_1_105' title='bbox 481 2685 521 2747; x_wconf 87' lang='lat' dir='ltr'><strong>et</strong></span> <span class='ocrx_word' id='word_1_106' title='bbox 542 2671 740 2774; x_wconf 75' lang='lat' dir='ltr'><strong>proportio</strong></span> <span class='ocrx_word' id='word_1_107' title='bbox 759 2671 924 2776; x_wconf 88' lang='lat' dir='ltr'><strong>partium</strong></span> <span class='ocrx_word' id='word_1_108' title='bbox 942 2670 1104 2748; x_wconf 80' lang='lat' dir='ltr'><strong>feminae</strong></span> <span class='ocrx_word' id='word_1_109' title='bbox 1124 2683 1279 2746; x_wconf 79' lang='lat' dir='ltr'><strong>antece-</strong></span> 
     </span>
     <span class='ocr_line' id='line_1_19' title="bbox 217 2786 1275 2893; baseline 0.002 -31"><span class='ocrx_word' id='word_1_110' title='bbox 217 2786 357 2878; x_wconf 85' lang='lat' dir='ltr'><strong>dentis,</strong></span> <span class='ocrx_word' id='word_1_111' title='bbox 399 2789 464 2866; x_wconf 85' lang='lat' dir='ltr'><strong>sed</strong></span> <span class='ocrx_word' id='word_1_112' title='bbox 499 2814 658 2893; x_wconf 86' lang='lat' dir='ltr'><strong>corpore</strong></span> <span class='ocrx_word' id='word_1_113' title='bbox 689 2805 773 2866; x_wconf 89' lang='lat' dir='ltr'><strong>toto</strong></span> <span class='ocrx_word' id='word_1_114' title='bbox 798 2792 1010 2892; x_wconf 76' lang='lat' dir='ltr'><strong>graciliore.</strong></span> <span class='ocrx_word' id='word_1_115' title='bbox 1071 2792 1275 2874; x_wconf 81' lang='lat' dir='ltr'><strong>Caeterum</strong></span> 
     </span>
     <span class='ocr_line' id='line_1_20' title="bbox 217 2903 1274 3010; baseline 0.005 -28"><span class='ocrx_word' id='word_1_116' title='bbox 217 2903 310 2983; x_wconf 91' lang='lat' dir='ltr'><strong>baec</strong></span> <span class='ocrx_word' id='word_1_117' title='bbox 331 2907 476 3010; x_wconf 84' lang='lat' dir='ltr'><strong>species</strong></span> <span class='ocrx_word' id='word_1_118' title='bbox 501 2911 670 2988; x_wconf 87' lang='lat' dir='ltr'><strong>medium</strong></span> <span class='ocrx_word' id='word_1_119' title='bbox 688 2925 794 2986; x_wconf 87' lang='lat' dir='ltr'><strong>tenet</strong></span> <span class='ocrx_word' id='word_1_120' title='bbox 814 2910 913 2990; x_wconf 86' lang='lat' dir='ltr'><strong>inter</strong></span> <span class='ocrx_word' id='word_1_121' title='bbox 927 2909 1214 2988; x_wconf 80' lang='lat' dir='ltr'><strong>antecedentem</strong></span> <span class='ocrx_word' id='word_1_122' title='bbox 1233 2925 1274 2987; x_wconf 90' lang='lat' dir='ltr'><strong>et</strong></span> 
     </span>
     <span class='ocr_line' id='line_1_21' title="bbox 216 3027 667 3132; baseline 0.002 -27"><span class='ocrx_word' id='word_1_123' title='bbox 216 3028 259 3107; x_wconf 89' lang='lat' dir='ltr'><strong>P.</strong></span> <span class='ocrx_word' id='word_1_124' title='bbox 282 3027 506 3132; x_wconf 83' lang='lat' dir='ltr'><strong>didymum,</strong></span> <span class='ocrx_word' id='word_1_125' title='bbox 543 3059 579 3106; x_wconf 93' lang='lat' dir='ltr'><strong>n.</strong></span> <span class='ocrx_word' id='word_1_126' title='bbox 606 3039 667 3109; x_wconf 85' lang='grc'><strong>87.</strong></span> 
     </span>
    </p>

    <p class='ocr_par' dir='ltr' id='par_1_6' title="bbox 210 3147 1329 4088">
     <span class='ocr_line' id='line_1_22' title="bbox 289 3147 1272 3254; baseline 0 -31"><span class='ocrx_word' id='word_1_127' title='bbox 289 3147 513 3248; x_wconf 81' lang='lat' dir='ltr'><strong>Longitudo</strong></span> <span class='ocrx_word' id='word_1_128' title='bbox 533 3149 768 3230; x_wconf 79' lang='lat' dir='ltr'><strong>ttinearum.</strong></span> <span class='ocrx_word' id='word_1_129' title='bbox 824 3153 953 3254; x_wconf 83' lang='lat' dir='ltr'><strong>Caput</strong></span> <span class='ocrx_word' id='word_1_130' title='bbox 966 3149 1092 3254; x_wconf 86' lang='lat' dir='ltr'><strong>pulpis</strong></span> <span class='ocrx_word' id='word_1_131' title='bbox 1104 3147 1272 3252; x_wconf 84' lang='lat' dir='ltr'><strong>pallidis.</strong></span> 
     </span>
     <span class='ocr_line' id='line_1_23' title="bbox 215 3268 1275 3348; baseline 0 -4"><span class='ocrx_word' id='word_1_132' title='bbox 215 3269 416 3348; x_wconf 82' lang='lat' dir='ltr'><strong>Antennce</strong></span> <span class='ocrx_word' id='word_1_133' title='bbox 442 3269 571 3346; x_wconf 85' lang='lat' dir='ltr'><strong>subtus</strong></span> <span class='ocrx_word' id='word_1_134' title='bbox 594 3269 977 3347; x_wconf 86' lang='lat' dir='ltr'><strong>sordidestramineee.</strong></span> <span class='ocrx_word' id='word_1_135' title='bbox 1030 3271 1134 3348; x_wconf 83' lang='lat' dir='ltr'><strong>Alce</strong></span> <span class='ocrx_word' id='word_1_136' title='bbox 1152 3268 1275 3345; x_wconf 82' lang='lat' dir='ltr'><strong>lume-</strong></span> 
     </span>
     <span class='ocr_line' id='line_1_24' title="bbox 214 3385 1272 3492; baseline 0.008 -32"><span class='ocrx_word' id='word_1_137' title='bbox 214 3385 451 3487; x_wconf 86' lang='lat' dir='ltr'><strong>tohyalinae,</strong></span> <span class='ocrx_word' id='word_1_138' title='bbox 480 3389 653 3492; x_wconf 78' lang='lat' dir='ltr'><strong>stigmate</strong></span> <span class='ocrx_word' id='word_1_139' title='bbox 668 3390 880 3480; x_wconf 81' lang='lat' dir='ltr'><strong>stramiaco,</strong></span> <span class='ocrx_word' id='word_1_140' title='bbox 906 3389 1013 3466; x_wconf 90' lang='lat' dir='ltr'><strong>radio</strong></span> <span class='ocrx_word' id='word_1_141' title='bbox 1027 3415 1138 3492; x_wconf 86' lang='lat' dir='ltr'><strong>supra</strong></span> <span class='ocrx_word' id='word_1_142' title='bbox 1152 3389 1272 3481; x_wconf 82' lang='lat' dir='ltr'><strong>iusc0,</strong></span> 
     </span>
     <span class='ocr_line' id='line_1_25' title="bbox 213 3504 1274 3612; baseline 0.007 -33"><span class='ocrx_word' id='word_1_143' title='bbox 213 3504 341 3582; x_wconf 78' lang='lat' dir='ltr'><strong>radice</strong></span> <span class='ocrx_word' id='word_1_144' title='bbox 363 3524 403 3583; x_wconf 90' lang='lat' dir='ltr'><strong>et</strong></span> <span class='ocrx_word' id='word_1_145' title='bbox 421 3509 616 3610; x_wconf 86' lang='lat' dir='ltr'><strong>squamula</strong></span> <span class='ocrx_word' id='word_1_146' title='bbox 637 3508 790 3600; x_wconf 81' lang='lat' dir='ltr'><strong>albidis,</strong></span> <span class='ocrx_word' id='word_1_147' title='bbox 818 3512 942 3586; x_wconf 86' lang='lat' dir='ltr'><strong>areola</strong></span> <span class='ocrx_word' id='word_1_148' title='bbox 964 3509 1160 3612; x_wconf 83' lang='lat' dir='ltr'><strong>irregulari</strong></span> <span class='ocrx_word' id='word_1_149' title='bbox 1181 3510 1274 3586; x_wconf 90' lang='lat' dir='ltr'><strong>sub-</strong></span> 
     </span>
     <span class='ocr_line' id='line_1_26' title="bbox 214 3624 1274 3731; baseline 0.007 -33"><span class='ocrx_word' id='word_1_150' title='bbox 214 3624 348 3700; x_wconf 88' lang='lat' dir='ltr'><strong>sessili.</strong></span> <span class='ocrx_word' id='word_1_151' title='bbox 402 3627 524 3706; x_wconf 85' lang='lat' dir='ltr'><strong>Pedes</strong></span> <span class='ocrx_word' id='word_1_152' title='bbox 542 3628 741 3718; x_wconf 80' lang='lat' dir='ltr'><strong>rulolulvi3</strong></span> <span class='ocrx_word' id='word_1_153' title='bbox 767 3628 872 3704; x_wconf 86' lang='lat' dir='ltr'><strong>tibiis</strong></span> <span class='ocrx_word' id='word_1_154' title='bbox 890 3628 997 3731; x_wconf 87' lang='lat' dir='ltr'><strong>apice</strong></span> <span class='ocrx_word' id='word_1_155' title='bbox 1012 3643 1051 3704; x_wconf 88' lang='lat' dir='ltr'><strong>et</strong></span> <span class='ocrx_word' id='word_1_156' title='bbox 1065 3645 1150 3704; x_wconf 80' lang='lat' dir='ltr'><strong>acte</strong></span> <span class='ocrx_word' id='word_1_157' title='bbox 1162 3629 1274 3706; x_wconf 85' lang='lat' dir='ltr'><strong>basin</strong></span> 
     </span>
     <span class='ocr_line' id='line_1_27' title="bbox 213 3743 1272 3851; baseline 0.004 -33"><span class='ocrx_word' id='word_1_158' title='bbox 213 3743 596 3840; x_wconf 84' lang='lat' dir='ltr'><strong>subluscescentibus,</strong></span> <span class='ocrx_word' id='word_1_159' title='bbox 634 3747 792 3851; x_wconf 87' lang='lat' dir='ltr'><strong>posticis</strong></span> <span class='ocrx_word' id='word_1_160' title='bbox 829 3748 960 3824; x_wconf 86' lang='lat' dir='ltr'><strong>subtus</strong></span> <span class='ocrx_word' id='word_1_161' title='bbox 992 3743 1272 3839; x_wconf 81' lang='lat' dir='ltr'><strong>sordidesulvis,</strong></span> 
     </span>
     <span class='ocr_line' id='line_1_28' title="bbox 211 3865 1329 3970; baseline 0.001 -30"><span class='ocrx_word' id='word_1_162' title='bbox 211 3889 322 3968; x_wconf 86' lang='lat' dir='ltr'><strong>supra</strong></span> <span class='ocrx_word' id='word_1_163' title='bbox 355 3865 491 3942; x_wconf 83' lang='lat' dir='ltr'><strong>albidis</strong></span> <span class='ocrx_word' id='word_1_164' title='bbox 522 3867 631 3970; x_wconf 84' lang='lat' dir='ltr'><strong>apice</strong></span> <span class='ocrx_word' id='word_1_165' title='bbox 662 3884 703 3944; x_wconf 89' lang='lat' dir='ltr'><strong>et</strong></span> <span class='ocrx_word' id='word_1_166' title='bbox 729 3883 817 3944; x_wconf 88' lang='lat' dir='ltr'><strong>ante</strong></span> <span class='ocrx_word' id='word_1_167' title='bbox 854 3866 962 3944; x_wconf 85' lang='lat' dir='ltr'><strong>basin</strong></span> <span class='ocrx_word' id='word_1_168' title='bbox 991 3865 1125 3953; x_wconf 74' lang='lat' dir='ltr'><strong>fuscis,</strong></span> <span class='ocrx_word' id='word_1_169' title='bbox 1156 3866 1272 3941; x_wconf 84' lang='lat' dir='ltr'><strong>tarsis</strong></span> <span class='ocrx_word' id='word_1_170' title='bbox 1328 3951 1329 3968; x_wconf 12' lang='grc' dir='ltr'>χ</span> 
     </span>
     <span class='ocr_line' id='line_1_29' title="bbox 210 3981 1273 4088; baseline 0.004 -28"><span class='ocrx_word' id='word_1_171' title='bbox 210 3981 367 4088; x_wconf 86' lang='lat' dir='ltr'><strong>posticis</strong></span> <span class='ocrx_word' id='word_1_172' title='bbox 394 3983 526 4076; x_wconf 86' lang='lat' dir='ltr'><strong>luscis,</strong></span> <span class='ocrx_word' id='word_1_173' title='bbox 564 3986 810 4064; x_wconf 87' lang='lat' dir='ltr'><strong>articulorum</strong></span> <span class='ocrx_word' id='word_1_174' title='bbox 834 3985 915 4062; x_wconf 76' lang='lat' dir='ltr'><strong>bosi</strong></span> <span class='ocrx_word' id='word_1_175' title='bbox 942 3985 1125 4062; x_wconf 81' lang='lat' dir='ltr'><strong>exalbida.</strong></span> <span class='ocrx_word' id='word_1_176' title='bbox 1185 3985 1273 4066; x_wconf 80' lang='lat' dir='ltr'><strong>At-</strong></span> 
     </span>
    </p>
   </div>
   <div class='ocr_carea' id='block_1_6' title="bbox 0 0 1338 4626">
    <p class='ocr_par' dir='ltr' id='par_1_7' title="bbox 0 0 1338 4626">
     <span class='ocr_line' id='line_1_30' title="bbox 0 0 1338 4626; baseline 0 7"><span class='ocrx_word' id='word_1_177' title='bbox 0 0 1338 4626; x_wconf 95' lang='lat' dir='ltr'><strong> </strong></span> 
     </span>
    </p>
   </div>
  </div>
 </body>
</html>
