2736 4630
419 257 520 310 rant.
549 243 578 308 Ι.
605 257 882 311 crurornux.
1098 235 1173 312 455

110 423 269 509 bitulis‚·
301 421 475 500 a'lstere
508 420 647 510 visum,
688 422 836 525 apicem
871 445 1002 498 versus
1034 421 1172 498 sensim

112 541 318 618 altitudine
342 539 515 619 crescens
535 569 602 618 seu
621 540 826 632 clavatum,
853 541 969 645 idque
990 565 1037 616 co
1054 539 1171 643 magis

111 687 190 764 quo
212 661 330 764 magis
352 679 542 766 segmenta
563 686 775 764 compressa
796 678 895 738 sunt.
919 719 920 724 ,
954 659 1171 764 Speciebus,

111 782 250 884 quibus
269 783 456 860 abdomen
474 799 597 859 totum
617 807 872 887 compressum
892 797 933 859 et
951 803 1062 881 supra
1075 779 1172 853 cari-

111 919 331 980 nntumrcst
349 906 426 1006 ’(0.
455 902 963 1007 ωὴνατανί,ἀρη9ἰ11ατοή,
985 901 1173 999 mixto),

112 1039 350 1126 segnenrum
380 1025 586 1102 secundum
607 1047 772 1127 quoque
804 1042 1060 1127 compressum
1100 1033 1171 1110 est,

111 1144 273 1246 reliquis
293 1158 420 1220 cutem
439 1154 563 1234 teres:
604 1145 849 1246 Segnrentum
875 1149 1042 1246 primum
1069 1141 1186 1242 lage,

111 1263 323 1354 melorum
349 1280 456 1367 portu
471 1265 592 1340 antico
608 1263 783 1368 plurimis
797 1263 1066 1366 mbaequilata,
1086 1258 1173 1336 lcti-

109 1384 245 1460 tudine
261 1385 383 1487 prule
396 1385 579 1486 longiore,
601 1381 861 1488 subquadrata,
881 1380 1173 1462 convexiuscule

107 1519 179 1580 sut
194 1504 440 1606 subglobosa‚
465 1505 586 1582 mrius
605 1505 752 1608 apicem
766 1531 895 1582 uersus
918 1501 1057 1580 sensim
1075 1500 1172 1576 dila-

106 1639 198 1714 tata,
218 1652 252 1700 e.
267 1649 304 1726 g.
321 1627 364 1701 C.
378 1625 527 1714 uitium,-
551 1625 697 1728 petiole
711 1625 886 1704 tenuiore
898 1639 965 1700 cut
977 1621 1170 1712 crassiore,

107 1745 284 1846 longiore
305 1760 372 1820 aut
389 1744 581 1835 breviore,
615 1747 845 1850 plerumque·
866 1744 1021 1824 circiter
1046 1741 1172 1842 longi-

106 1865 244 1942 tudine
264 1865 382 1967 partis
396 1865 542 1943 enticee
559 1879 627 1942 aut
640 1852 813 1968 longiore
827 1893 940 1970 quam
954 1863 1058 1954 haec,
1086 1860 1172 1964 qui-

106 1985 268 2060 busdum
289 1999 414 2060 autem
432 1989 554 2062 multo
574 1986 764 2088 longiore,
795 1987 1001 2093 praecipue
1027 1979 1173 2085 specic-

107 2103 179 2180 bus
193 2104 492 2182 ebdomiuetoto
512 2131 740 2210 compresso,
754 2133 883 2210 -suprc
891 2106 967 2208 jam
986 2101 1170 2205 allegatis,

108 2223 305 2300 nonnullis
330 2225 412 2302 fere
439 2225 613 2304 breviore
645 2253 757 2332 quem
784 2253 870 2330 pars
894 2227 1034 2316 antica,
1068 2249 1101 2300 e.
1132 2247 1167 2324 g.

108 2350 154 2422 G.
171 2343 306 2422 albida
319 2344 598 2437 etterebrunti,
625 2347 801 2451 plurimis
821 2346 936 2424 etiam
955 2343 1171 2447 angustiore

109 2491 224 2568 quem
241 2486 330 2567 pers
350 2465 491 2558 antica,
518 2469 638 2544 rarius
659 2483 788 2546 autem
806 2467 930 2546 multo
944 2463 1170 2568 angustiore,

109 2585 299 2661 rarissime
312 2584 392 2662 lere
408 2586 491 2689 ejus
506 2587 718 2684 latitudine,
740 2616 776 2668 v.
793 2615 826 2667 c.
842 2586 935 2664 mari
952 2590 995 2664 0.
1010 2589 1169 2690 pacisci.
1327 2560 1339 2604 ''

108 2743 162 2768 ...-
186 2705 358 2784 Aculeus
380 2721 570 2799 exsertus,
602 2709 1013 2796 subsumumcurvctus,
1044 2698 1171 2778 brevis

109 2841 177 2902 aut
196 2824 415 2918 mediocris,
442 2827 563 2904 rarius
578 2827 660 2905 fere
681 2830 919 2932 longitudine
947 2819 1168 2902 abdominis.

118 2985 122 2992 ·
186 2944 423 3022 Affinitatem
444 2962 484 3023 et
501 2948 729 3026 relationum
750 2949 864 3051 hujus
885 2943 1103 3048 subgeneris
1122 2939 1169 3014 ad

108 3067 369 3169 Mmcleptos‚
396 3069 587 3169 θηρίοις,
615 3069 893 3173 Phytodietos,
917 3063 1170 3145 Mesochoros

107 3201 149 3261 et
180 3185 407 3276 Plectiscos,
443 3186 513 3260 sub
540 3187 598 3266 bis
620 3187 890 3291 subgeneribus
910 3184 987 3287 jam
1006 3180 1169 3262 mentio-

107 3329 195 3381 nem
219 3304 308 3382 feci.
335 3346 390 3368 -·-
421 3305 670 3413 Cempoplegi
694 3309 794 3386 haud
822 3305 1003 3386 confundi
1029 3303 1169 3381 debent

107 3451 196 3501 cum
222 3427 417 3518 Paniscis,
450 3428 595 3531 quippe
620 3429 686 3532 qui
713 3442 798 3506 toto
823 3427 971 3518 habitu,
1005 3425 1166 3530 pedibus

106 3547 358 3652 antennisque
377 3547 631 3649 longioribus,
659 3563 854 3653 segmento
875 3549 999 3651 primo
1020 3545 1167 3650 apicem

107 3693 239 3745 versus
259 3667 398 3744 sensim
416 3668 592 3760 dilatato,
619 3683 692 3746 etc.
716 3669 908 3748 differunt.
929 3711 983 3728 -
1004 3670 1170 3770 Campo-

106 3789 204 3889 plem
223 3787 433 3891 decipiens,
459 3789 508 3864 ob
528 3789 718 3868 delectum
742 3791 909 3881 areolae,
937 3787 988 3865 ob
1008 3785 1168 3870 formem

107 3905 319 4004 abdominis
340 3924 380 3986 et
398 3910 581 4012 segmenti
594 3907 726 4014 primi,
752 3935 920 3987 necnon
933 3908 984 3985 ob
997 3908 1167 3984 colorem

107 4027 291 4130 segmenti
311 4029 483 4122 secundi,
515 4030 797 4110 adiectionem
830 4029 1032 4110 secundam
1061 4027 1168 4108 Ano-
