<?xml version="1.0" encoding="UTF-8"?>
<!DOCTYPE html PUBLIC "-//W3C//DTD XHTML 1.0 Transitional//EN"
    "http://www.w3.org/TR/xhtml1/DTD/xhtml1-transitional.dtd">
<html xmlns="http://www.w3.org/1999/xhtml" xml:lang="en" lang="en">
 <head>
  <title>
</title>
<meta http-equiv="Content-Type" content="text/html;charset=utf-8" />
  <meta name='ocr-system' content='tesseract 3.04.00' />
  <meta name='ocr-capabilities' content='ocr_page ocr_carea ocr_par ocr_line ocrx_word'/>
</head>
<body>
  <div class='ocr_page' id='page_1' title='image "./ichneumonologia00cgrgoog_0440.png"; bbox 0 0 2736 4630; ppageno 0'>
   <div class='ocr_carea' id='block_1_1' title="bbox 189 173 894 262">
    <p class='ocr_par' dir='ltr' id='par_1_1' title="bbox 189 173 894 262">
     <span class='ocr_line' id='line_1_1' title="bbox 189 173 894 262; baseline -0.017 -8"><span class='ocrx_word' id='word_1_1' title='bbox 189 173 267 255; x_wconf 77' lang='lat'><strong>456</strong></span> <span class='ocrx_word' id='word_1_2' title='bbox 634 191 801 262; x_wconf 80' lang='lat' dir='ltr'><strong>cruror</strong></span> <span class='ocrx_word' id='word_1_3' title='bbox 891 216 894 225; x_wconf 83' lang='lat'>·</span> 
     </span>
    </p>
   </div>
   <div class='ocr_carea' id='block_1_2' title="bbox 190 335 1364 703">
    <p class='ocr_par' dir='ltr' id='par_1_2' title="bbox 190 335 1364 703">
     <span class='ocr_line' id='line_1_2' title="bbox 190 335 1364 463; baseline -0.002 -27"><span class='ocrx_word' id='word_1_4' title='bbox 190 361 403 449; x_wconf 85' lang='lat' dir='ltr'><strong>mulorum,</strong></span> <span class='ocrx_word' id='word_1_5' title='bbox 427 358 655 463; x_wconf 86' lang='lat' dir='ltr'><strong>praeprimis</strong></span> <span class='ocrx_word' id='word_1_6' title='bbox 695 358 743 434; x_wconf 90' lang='lat' dir='ltr'><strong>ad</strong></span> <span class='ocrx_word' id='word_1_7' title='bbox 768 357 858 438; x_wconf 83' lang='lat' dir='ltr'><strong>Aa:</strong></span> <span class='ocrx_word' id='word_1_8' title='bbox 889 357 1252 460; x_wconf 82' lang='lat' dir='ltr'><strong>perspicillotorem&#39;,</strong></span> <span class='ocrx_word' id='word_1_9' title='bbox 1363 335 1364 354; x_wconf 18' lang='lat' dir='ltr'><strong>l</strong></span> 
     </span>
     <span class='ocr_line' id='line_1_3' title="bbox 190 475 1364 584; baseline -0.003 -30"><span class='ocrx_word' id='word_1_10' title='bbox 190 506 310 583; x_wconf 84' lang='lat' dir='ltr'>prope</span> <span class='ocrx_word' id='word_1_11' title='bbox 336 481 514 558; x_wconf 78' lang='lat' dir='ltr'><strong>accedere</strong></span> <span class='ocrx_word' id='word_1_12' title='bbox 538 480 700 569; x_wconf 86' lang='lat' dir='ltr'><strong>videtur,</strong></span> <span class='ocrx_word' id='word_1_13' title='bbox 729 478 796 553; x_wconf 89' lang='lat' dir='ltr'><strong>sed</strong></span> <span class='ocrx_word' id='word_1_14' title='bbox 818 476 928 554; x_wconf 88' lang='lat' dir='ltr'><strong>tarsis</strong></span> <span class='ocrx_word' id='word_1_15' title='bbox 948 475 1106 580; x_wconf 90' lang='lat' dir='ltr'><strong>posticis</strong></span> <span class='ocrx_word' id='word_1_16' title='bbox 1128 477 1250 578; x_wconf 88' lang='lat' dir='ltr'><strong>graci-</strong></span> <span class='ocrx_word' id='word_1_17' title='bbox 1363 581 1364 584; x_wconf 8' lang='grc' dir='ltr'><strong>Ἴ</strong></span> 
     </span>
     <span class='ocr_line' id='line_1_4' title="bbox 190 596 1250 703; baseline -0.006 -25"><span class='ocrx_word' id='word_1_18' title='bbox 190 600 309 688; x_wconf 89' lang='lat' dir='ltr'><strong>libus,</strong></span> <span class='ocrx_word' id='word_1_19' title='bbox 336 599 415 677; x_wconf 88' lang='lat' dir='ltr'><strong>illis</strong></span> <span class='ocrx_word' id='word_1_20' title='bbox 437 601 736 703; x_wconf 87' lang='lat' dir='ltr'><strong>Campoplegum</strong></span> <span class='ocrx_word' id='word_1_21' title='bbox 752 596 1083 699; x_wconf 85' lang='lat' dir='ltr'><strong>respondentibus,</strong></span> <span class='ocrx_word' id='word_1_22' title='bbox 1110 596 1250 686; x_wconf 82' lang='lat' dir='ltr'><strong>differt,</strong></span> 
     </span>
    </p>
   </div>
   <div class='ocr_carea' id='block_1_3' title="bbox 191 717 1252 822">
    <p class='ocr_par' dir='ltr' id='par_1_3' title="bbox 191 717 1364 822">
     <span class='ocr_line' id='line_1_5' title="bbox 191 717 1252 822; baseline 0 -30"><span class='ocrx_word' id='word_1_23' title='bbox 191 733 385 822; x_wconf 85' lang='lat' dir='ltr'><strong>praeterea</strong></span> <span class='ocrx_word' id='word_1_24' title='bbox 411 745 563 822; x_wconf 87' lang='lat' dir='ltr'><strong>quoque</strong></span> <span class='ocrx_word' id='word_1_25' title='bbox 594 745 729 797; x_wconf 88' lang='lat' dir='ltr'><strong>nervus</strong></span> <span class='ocrx_word' id='word_1_26' title='bbox 752 717 936 794; x_wconf 89' lang='lat' dir='ltr'><strong>secundus</strong></span> <span class='ocrx_word' id='word_1_27' title='bbox 950 741 1150 793; x_wconf 83' lang='lat' dir='ltr'><strong>recurrens</strong></span> <span class='ocrx_word' id='word_1_28' title='bbox 1172 717 1252 793; x_wconf 87' lang='lat' dir='ltr'><strong>cel·</strong></span> 
     </span>
    </p>
   </div>
   <div class='ocr_carea' id='block_1_4' title="bbox 190 834 1364 1300">
    <p class='ocr_par' dir='ltr' id='par_1_4' title="bbox 190 834 1251 1061">
     <span class='ocr_line' id='line_1_6' title="bbox 191 834 1251 943; baseline -0.007 -25"><span class='ocrx_word' id='word_1_29' title='bbox 191 839 295 918; x_wconf 90' lang='lat' dir='ltr'><strong>lulae</strong></span> <span class='ocrx_word' id='word_1_30' title='bbox 309 838 501 916; x_wconf 84' lang='lat' dir='ltr'><strong>interioris</strong></span> <span class='ocrx_word' id='word_1_31' title='bbox 513 837 686 918; x_wconf 86' lang='lat' dir='ltr'><strong>Anomali</strong></span> <span class='ocrx_word' id='word_1_32' title='bbox 700 834 1013 943; x_wconf 85' lang='lat' dir='ltr'><strong>perspicillatoris</strong></span> <span class='ocrx_word' id='word_1_33' title='bbox 1029 861 1156 925; x_wconf 85' lang='lat' dir='ltr'><strong>nerv0,</strong></span> <span class='ocrx_word' id='word_1_34' title='bbox 1184 836 1251 941; x_wconf 90' lang='lat' dir='ltr'><strong>qui</strong></span> 
     </span>
     <span class='ocr_line' id='line_1_7' title="bbox 190 957 1251 1061; baseline -0.006 -25"><span class='ocrx_word' id='word_1_35' title='bbox 190 960 351 1036; x_wconf 81' lang='lat' dir='ltr'><strong>cellulas</strong></span> <span class='ocrx_word' id='word_1_36' title='bbox 373 959 556 1036; x_wconf 82' lang='lat' dir='ltr'><strong>cubitales</strong></span> <span class='ocrx_word' id='word_1_37' title='bbox 577 959 759 1061; x_wconf 86' lang='lat' dir='ltr'><strong>sejungit,</strong></span> <span class='ocrx_word' id='word_1_38' title='bbox 786 959 944 1061; x_wconf 88' lang='lat' dir='ltr'>propior</span> <span class='ocrx_word' id='word_1_39' title='bbox 957 957 1050 1032; x_wconf 89' lang='lat' dir='ltr'><strong>situs</strong></span> <span class='ocrx_word' id='word_1_40' title='bbox 1066 971 1125 1033; x_wconf 91' lang='lat' dir='ltr'><strong>est</strong></span> <span class='ocrx_word' id='word_1_41' title='bbox 1138 982 1251 1059; x_wconf 87' lang='lat' dir='ltr'><strong>quam</strong></span> 
     </span>
    </p>

    <p class='ocr_par' dir='ltr' id='par_1_5' title="bbox 190 1059 1364 1300">
     <span class='ocr_line' id='line_1_8' title="bbox 191 1059 1364 1182; baseline -0.001 -29"><span class='ocrx_word' id='word_1_42' title='bbox 191 1079 232 1153; x_wconf 91' lang='lat' dir='ltr'><strong>in</strong></span> <span class='ocrx_word' id='word_1_43' title='bbox 255 1070 512 1182; x_wconf 86' lang='lat' dir='ltr'><strong>Campoplege</strong></span> <span class='ocrx_word' id='word_1_44' title='bbox 537 1079 764 1181; x_wconf 84' lang='lat' dir='ltr'><strong>decipiente.</strong></span> <span class='ocrx_word' id='word_1_45' title='bbox 790 1119 844 1135; x_wconf 92' lang='lat'><em>-</em></span> <span class='ocrx_word' id='word_1_46' title='bbox 876 1075 1070 1182; x_wconf 77' lang='lat' dir='ltr'><strong>Ophiones</strong></span> <span class='ocrx_word' id='word_1_47' title='bbox 1094 1077 1252 1179; x_wconf 86' lang='lat' dir='ltr'><strong>genuini</strong></span> <span class='ocrx_word' id='word_1_48' title='bbox 1363 1059 1364 1068; x_wconf 8' lang='grc' dir='ltr'>ἵ</span> 
     </span>
     <span class='ocr_line' id='line_1_9' title="bbox 190 1195 1252 1300; baseline -0.001 -27"><span class='ocrx_word' id='word_1_49' title='bbox 190 1197 356 1276; x_wconf 86' lang='lat' dir='ltr'><strong>familiae</strong></span> <span class='ocrx_word' id='word_1_50' title='bbox 384 1214 555 1300; x_wconf 84' lang='lat' dir='ltr'><strong>quartae,</strong></span> <span class='ocrx_word' id='word_1_51' title='bbox 597 1198 674 1274; x_wconf 88' lang='lat' dir='ltr'><strong>situ</strong></span> <span class='ocrx_word' id='word_1_52' title='bbox 700 1195 881 1299; x_wconf 83' lang='lat' dir='ltr'><strong>singulari</strong></span> <span class='ocrx_word' id='word_1_53' title='bbox 912 1199 1017 1274; x_wconf 85' lang='lat' dir='ltr'><strong>nervi</strong></span> <span class='ocrx_word' id='word_1_54' title='bbox 1049 1197 1252 1273; x_wconf 80' lang='lat' dir='ltr'><strong>exterioris</strong></span> 
     </span>
    </p>
   </div>
   <div class='ocr_carea' id='block_1_5' title="bbox 189 1315 1364 1420">
    <p class='ocr_par' dir='ltr' id='par_1_6' title="bbox 189 1315 1364 1420">
     <span class='ocr_line' id='line_1_10' title="bbox 189 1315 1364 1420; baseline -0.003 -25"><span class='ocrx_word' id='word_1_55' title='bbox 189 1318 416 1398; x_wconf 79' lang='lat' dir='ltr'><strong>recurrentis</strong></span> <span class='ocrx_word' id='word_1_56' title='bbox 430 1319 592 1400; x_wconf 87' lang='lat' dir='ltr'><strong>cellulae</strong></span> <span class='ocrx_word' id='word_1_57' title='bbox 606 1317 807 1408; x_wconf 90' lang='lat' dir='ltr'><strong>interioris,</strong></span> <span class='ocrx_word' id='word_1_58' title='bbox 830 1315 918 1394; x_wconf 88' lang='lat' dir='ltr'><strong>satis</strong></span> <span class='ocrx_word' id='word_1_59' title='bbox 941 1317 1039 1398; x_wconf 87' lang='lat' dir='ltr'><strong>bcue</strong></span> <span class='ocrx_word' id='word_1_60' title='bbox 1053 1342 1075 1398; x_wconf 76' lang='lat' dir='ltr'><strong>a</strong></span> <span class='ocrx_word' id='word_1_61' title='bbox 1089 1319 1253 1420; x_wconf 84' lang='lat' dir='ltr'><strong>Campo-</strong></span> <span class='ocrx_word' id='word_1_62' title='bbox 1363 1413 1364 1416; x_wconf 5' lang='lat' dir='ltr'><strong>p</strong></span> 
     </span>
    </p>
   </div>
   <div class='ocr_carea' id='block_1_6' title="bbox 189 1434 1364 2146">
    <p class='ocr_par' dir='ltr' id='par_1_7' title="bbox 189 1434 1364 2146">
     <span class='ocr_line' id='line_1_11' title="bbox 190 1434 1364 1542; baseline -0.002 -26"><span class='ocrx_word' id='word_1_63' title='bbox 190 1439 365 1542; x_wconf 81' lang='lat' dir='ltr'><strong>plagibus</strong></span> <span class='ocrx_word' id='word_1_64' title='bbox 404 1439 678 1524; x_wconf 86' lang='lat' dir='ltr'><strong>discernuntur.</strong></span> <span class='ocrx_word' id='word_1_65' title='bbox 705 1481 758 1501; x_wconf 88' lang='lat'><strong>-··</strong></span> <span class='ocrx_word' id='word_1_66' title='bbox 796 1439 901 1514; x_wconf 85' lang='lat' dir='ltr'><strong>Inter</strong></span> <span class='ocrx_word' id='word_1_67' title='bbox 939 1434 1253 1537; x_wconf 54' lang='lat' dir='ltr'><strong>hujusrfamiliae</strong></span> <span class='ocrx_word' id='word_1_68' title='bbox 1363 1513 1364 1536; x_wconf 25' lang='lat' dir='ltr'><strong>p</strong></span> 
     </span>
     <span class='ocr_line' id='line_1_12' title="bbox 189 1556 1255 1662; baseline 0.001 -28"><span class='ocrx_word' id='word_1_69' title='bbox 189 1585 310 1638; x_wconf 87' lang='lat' dir='ltr'><strong>mares</strong></span> <span class='ocrx_word' id='word_1_70' title='bbox 337 1557 538 1639; x_wconf 82' lang='lat' dir='ltr'><strong>abdomine</strong></span> <span class='ocrx_word' id='word_1_71' title='bbox 560 1560 734 1661; x_wconf 89' lang='lat' dir='ltr'><strong>longiore</strong></span> <span class='ocrx_word' id='word_1_72' title='bbox 755 1573 795 1634; x_wconf 92' lang='lat' dir='ltr'><strong>et</strong></span> <span class='ocrx_word' id='word_1_73' title='bbox 812 1556 1011 1658; x_wconf 83' lang='lat' dir='ltr'><strong>graciliore</strong></span> <span class='ocrx_word' id='word_1_74' title='bbox 1026 1585 1121 1636; x_wconf 91' lang='lat' dir='ltr'><strong>unus</strong></span> <span class='ocrx_word' id='word_1_75' title='bbox 1142 1585 1255 1662; x_wconf 85' lang='lat' dir='ltr'><strong>prae·</strong></span> 
     </span>
     <span class='ocr_line' id='line_1_13' title="bbox 192 1671 1364 1780; baseline 0.002 -26"><span class='ocrx_word' id='word_1_76' title='bbox 192 1679 339 1770; x_wconf 87' lang='lat' dir='ltr'><strong>sertim,</strong></span> <span class='ocrx_word' id='word_1_77' title='bbox 368 1681 409 1754; x_wconf 81' lang='grc'><strong>0.</strong></span> <span class='ocrx_word' id='word_1_78' title='bbox 424 1685 621 1780; x_wconf 83' lang='lat' dir='ltr'><strong>poniscus,</strong></span> <span class='ocrx_word' id='word_1_79' title='bbox 650 1693 843 1780; x_wconf 85' lang='lat' dir='ltr'><strong>segmento</strong></span> <span class='ocrx_word' id='word_1_80' title='bbox 864 1678 987 1780; x_wconf 90' lang='lat' dir='ltr'><strong>primo</strong></span> <span class='ocrx_word' id='word_1_81' title='bbox 1007 1693 1090 1756; x_wconf 88' lang='lat' dir='ltr'><strong>toto</strong></span> <span class='ocrx_word' id='word_1_82' title='bbox 1105 1679 1253 1770; x_wconf 86' lang='lat' dir='ltr'><strong>lineari,</strong></span> <span class='ocrx_word' id='word_1_83' title='bbox 1363 1671 1364 1756; x_wconf 68' lang='grc' dir='ltr'>ἶ</span> 
     </span>
     <span class='ocr_line' id='line_1_14' title="bbox 191 1791 1364 1904; baseline 0.001 -32"><span class='ocrx_word' id='word_1_84' title='bbox 191 1799 355 1904; x_wconf 87' lang='lat' dir='ltr'><strong>aliquam</strong></span> <span class='ocrx_word' id='word_1_85' title='bbox 375 1791 597 1877; x_wconf 76' lang='lat' dir='ltr'><strong>affinitatem</strong></span> <span class='ocrx_word' id='word_1_86' title='bbox 617 1825 704 1880; x_wconf 90' lang='lat' dir='ltr'><strong>cum</strong></span> <span class='ocrx_word' id='word_1_87' title='bbox 723 1799 878 1878; x_wconf 83' lang='lat' dir='ltr'><strong>Macris</strong></span> <span class='ocrx_word' id='word_1_88' title='bbox 905 1798 1065 1901; x_wconf 85' lang='lat' dir='ltr'><strong>prodero</strong></span> <span class='ocrx_word' id='word_1_89' title='bbox 1091 1797 1255 1890; x_wconf 85' lang='lat' dir='ltr'><strong>videtur,</strong></span> <span class='ocrx_word' id='word_1_90' title='bbox 1363 1843 1364 1888; x_wconf 58' lang='lat'>3</span> 
     </span>
     <span class='ocr_line' id='line_1_15' title="bbox 191 1915 1254 2020; baseline 0 -26"><span class='ocrx_word' id='word_1_91' title='bbox 191 1917 256 2000; x_wconf 86' lang='lat' dir='ltr'><strong>scd</strong></span> <span class='ocrx_word' id='word_1_92' title='bbox 276 1917 460 2008; x_wconf 78' lang='lat' dir='ltr'><strong>abdomen</strong></span> <span class='ocrx_word' id='word_1_93' title='bbox 480 1916 563 2018; x_wconf 90' lang='lat' dir='ltr'><strong>ejus</strong></span> <span class='ocrx_word' id='word_1_94' title='bbox 583 1915 684 1998; x_wconf 89' lang='lat' dir='ltr'><strong>haud</strong></span> <span class='ocrx_word' id='word_1_95' title='bbox 701 1916 794 1997; x_wconf 86' lang='lat' dir='ltr'><strong>adeo</strong></span> <span class='ocrx_word' id='word_1_96' title='bbox 815 1917 973 2020; x_wconf 87' lang='lat' dir='ltr'><strong>longum</strong></span> <span class='ocrx_word' id='word_1_97' title='bbox 986 1933 1103 1998; x_wconf 89' lang='lat' dir='ltr'><strong>tenue</strong></span> <span class='ocrx_word' id='word_1_98' title='bbox 1125 1935 1164 1996; x_wconf 89' lang='lat' dir='ltr'><strong>et</strong></span> <span class='ocrx_word' id='word_1_99' title='bbox 1176 1919 1254 1997; x_wconf 91' lang='lat' dir='ltr'><strong>fili·</strong></span> 
     </span>
     <span class='ocr_line' id='line_1_16' title="bbox 189 2035 1364 2146; baseline -0.002 -30"><span class='ocrx_word' id='word_1_100' title='bbox 189 2037 311 2116; x_wconf 84' lang='lat' dir='ltr'><strong>forme</strong></span> <span class='ocrx_word' id='word_1_101' title='bbox 334 2053 392 2118; x_wconf 87' lang='lat' dir='ltr'><strong>cst</strong></span> <span class='ocrx_word' id='word_1_102' title='bbox 412 2064 456 2116; x_wconf 91' lang='lat' dir='ltr'><strong>ac</strong></span> <span class='ocrx_word' id='word_1_103' title='bbox 481 2037 522 2116; x_wconf 87' lang='lat' dir='ltr'><strong>in</strong></span> <span class='ocrx_word' id='word_1_104' title='bbox 539 2035 617 2128; x_wconf 91' lang='lat' dir='ltr'><strong>his,</strong></span> <span class='ocrx_word' id='word_1_105' title='bbox 646 2036 712 2138; x_wconf 91' lang='lat' dir='ltr'><strong>qui</strong></span> <span class='ocrx_word' id='word_1_106' title='bbox 733 2051 928 2138; x_wconf 82' lang='lat' dir='ltr'><strong>praetcrea</strong></span> <span class='ocrx_word' id='word_1_107' title='bbox 954 2062 1107 2140; x_wconf 82' lang='lat' dir='ltr'><strong>quoque</strong></span> <span class='ocrx_word' id='word_1_108' title='bbox 1126 2037 1255 2116; x_wconf 84' lang='lat' dir='ltr'><strong>areola</strong></span> <span class='ocrx_word' id='word_1_109' title='bbox 1363 2091 1364 2146; x_wconf 61' lang='lat' dir='ltr'><strong>t</strong></span> 
     </span>
    </p>
   </div>
   <div class='ocr_carea' id='block_1_7' title="bbox 190 2155 1364 2261">
    <p class='ocr_par' dir='ltr' id='par_1_8' title="bbox 190 2155 1364 2261">
     <span class='ocr_line' id='line_1_17' title="bbox 190 2155 1364 2261; baseline -0.021 -21"><span class='ocrx_word' id='word_1_110' title='bbox 190 2157 335 2256; x_wconf 83' lang='lat' dir='ltr'><strong>minuta</strong></span> <span class='ocrx_word' id='word_1_111' title='bbox 355 2156 581 2261; x_wconf 85' lang='lat' dir='ltr'><strong>discrepant.</strong></span> <span class='ocrx_word' id='word_1_112' title='bbox 607 2197 661 2244; x_wconf 85' lang='lat'><em>·.····</em></span> <span class='ocrx_word' id='word_1_113' title='bbox 687 2155 962 2260; x_wconf 81' lang='lat' dir='ltr'><strong>Campopleges</strong></span> <span class='ocrx_word' id='word_1_114' title='bbox 983 2158 1124 2236; x_wconf 73' lang='lat' dir='ltr'><strong>cellula</strong></span> <span class='ocrx_word' id='word_1_115' title='bbox 1145 2157 1255 2234; x_wconf 73' lang='lat' dir='ltr'><strong>cubi.</strong></span> <span class='ocrx_word' id='word_1_116' title='bbox 1363 2237 1364 2254; x_wconf 11' lang='grc' dir='ltr'>χ</span> 
     </span>
    </p>
   </div>
   <div class='ocr_carea' id='block_1_8' title="bbox 190 2275 1364 2504">
    <p class='ocr_par' dir='ltr' id='par_1_9' title="bbox 190 2255 1364 2504">
     <span class='ocr_line' id='line_1_18' title="bbox 190 2275 1256 2378; baseline -0.003 -22"><span class='ocrx_word' id='word_1_117' title='bbox 190 2279 261 2358; x_wconf 89' lang='lat' dir='ltr'><strong>tali</strong></span> <span class='ocrx_word' id='word_1_118' title='bbox 275 2277 497 2358; x_wconf 84' lang='lat' dir='ltr'><strong>intermedia</strong></span> <span class='ocrx_word' id='word_1_119' title='bbox 511 2275 627 2366; x_wconf 89' lang='lat' dir='ltr'><strong>nulla,</strong></span> <span class='ocrx_word' id='word_1_120' title='bbox 648 2275 889 2374; x_wconf 73' lang='lat' dir='ltr'><strong>(tractatus,</strong></span> <span class='ocrx_word' id='word_1_121' title='bbox 908 2279 1132 2378; x_wconf 77' lang='lat' dir='ltr'><strong>transfugo,</strong></span> <span class='ocrx_word' id='word_1_122' title='bbox 1156 2294 1256 2356; x_wconf 80' lang='lat' dir='ltr'><strong>tere-</strong></span> 
     </span>
     <span class='ocr_line' id='line_1_19' title="bbox 193 2394 1364 2504; baseline -0.026 -27"><span class='ocrx_word' id='word_1_123' title='bbox 193 2397 330 2490; x_wconf 71' lang='lat' dir='ltr'><strong>brom,</strong></span> <span class='ocrx_word' id='word_1_124' title='bbox 355 2401 520 2504; x_wconf 71' lang='lat' dir='ltr'><strong>sallom,</strong></span> <span class='ocrx_word' id='word_1_125' title='bbox 561 2399 796 2486; x_wconf 57' lang='lat' dir='ltr'><strong>onomolur,</strong></span> <span class='ocrx_word' id='word_1_126' title='bbox 817 2394 1012 2499; x_wconf 69' lang='lat' dir='ltr'><strong>perfidus,</strong></span> <span class='ocrx_word' id='word_1_127' title='bbox 1045 2397 1251 2497; x_wconf 57' lang='lat' dir='ltr'><strong>aberrans)</strong></span> <span class='ocrx_word' id='word_1_128' title='bbox 1363 2395 1364 2446; x_wconf 70' lang='lat' dir='ltr'><strong>t</strong></span> 
     </span>
    </p>
   </div>
   <div class='ocr_carea' id='block_1_9' title="bbox 192 2514 1364 2620">
    <p class='ocr_par' dir='ltr' id='par_1_10' title="bbox 192 2514 1364 2620">
     <span class='ocr_line' id='line_1_20' title="bbox 192 2514 1364 2620; baseline 0 -28"><span class='ocrx_word' id='word_1_129' title='bbox 192 2516 469 2619; x_wconf 87' lang='lat' dir='ltr'><strong>quodammodo</strong></span> <span class='ocrx_word' id='word_1_130' title='bbox 501 2519 712 2598; x_wconf 79' lang='lat' dir='ltr'><strong>Cremasrts</strong></span> <span class='ocrx_word' id='word_1_131' title='bbox 737 2514 1039 2620; x_wconf 86' lang='lat' dir='ltr'><strong>adpropinquare</strong></span> <span class='ocrx_word' id='word_1_132' title='bbox 1062 2518 1251 2607; x_wconf 80' lang='lat' dir='ltr'><strong>ridentur,</strong></span> <span class='ocrx_word' id='word_1_133' title='bbox 1363 2541 1364 2556; x_wconf 53' lang='lat'>¹</span> 
     </span>
    </p>
   </div>
   <div class='ocr_carea' id='block_1_10' title="bbox 189 2634 1364 3820">
    <p class='ocr_par' dir='ltr' id='par_1_11' title="bbox 189 2634 1364 3820">
     <span class='ocr_line' id='line_1_21' title="bbox 191 2634 1364 2740; baseline -0.002 -24"><span class='ocrx_word' id='word_1_134' title='bbox 191 2637 257 2720; x_wconf 87' lang='lat' dir='ltr'><strong>sed</strong></span> <span class='ocrx_word' id='word_1_135' title='bbox 269 2637 388 2718; x_wconf 87' lang='lat' dir='ltr'><strong>forma</strong></span> <span class='ocrx_word' id='word_1_136' title='bbox 403 2652 442 2714; x_wconf 91' lang='lat' dir='ltr'><strong>et</strong></span> <span class='ocrx_word' id='word_1_137' title='bbox 452 2634 699 2739; x_wconf 88' lang='lat' dir='ltr'><strong>proportione</strong></span> <span class='ocrx_word' id='word_1_138' title='bbox 713 2634 895 2736; x_wconf 85' lang='lat' dir='ltr'><strong>stigmatis</strong></span> <span class='ocrx_word' id='word_1_139' title='bbox 909 2637 1062 2726; x_wconf 84' lang='lat' dir='ltr'><strong>alarum,</strong></span> <span class='ocrx_word' id='word_1_140' title='bbox 1091 2639 1256 2740; x_wconf 82' lang='lat' dir='ltr'><strong>Campo-</strong></span> <span class='ocrx_word' id='word_1_141' title='bbox 1363 2663 1364 2674; x_wconf 54' lang='lat'>¹</span> 
     </span>
     <span class='ocr_line' id='line_1_22' title="bbox 193 2749 1364 2862; baseline -0.003 -26"><span class='ocrx_word' id='word_1_142' title='bbox 193 2759 367 2862; x_wconf 84' lang='lat' dir='ltr'><strong>plagibus</strong></span> <span class='ocrx_word' id='word_1_143' title='bbox 413 2755 595 2858; x_wconf 87' lang='lat' dir='ltr'><strong>longioris</strong></span> <span class='ocrx_word' id='word_1_144' title='bbox 636 2749 879 2857; x_wconf 81' lang='lat' dir='ltr'><strong>angustioris,</strong></span> <span class='ocrx_word' id='word_1_145' title='bbox 916 2753 1004 2843; x_wconf 84' lang='lat' dir='ltr'><strong>¹sere</strong></span> <span class='ocrx_word' id='word_1_146' title='bbox 1035 2756 1252 2848; x_wconf 78' lang='lat' dir='ltr'><strong>lanceolari,</strong></span> <span class='ocrx_word' id='word_1_147' title='bbox 1363 2753 1364 2818; x_wconf 48' lang='grc' dir='ltr'>Ψ</span> 
     </span>
     <span class='ocr_line' id='line_1_23' title="bbox 193 2874 1253 2966; baseline -0.003 -12"><span class='ocrx_word' id='word_1_148' title='bbox 193 2877 395 2959; x_wconf 87' lang='lat' dir='ltr'><strong>Cremastis</strong></span> <span class='ocrx_word' id='word_1_149' title='bbox 411 2891 538 2951; x_wconf 89' lang='lat' dir='ltr'><strong>autem</strong></span> <span class='ocrx_word' id='word_1_150' title='bbox 551 2875 734 2955; x_wconf 91' lang='lat' dir='ltr'><strong>brevioris</strong></span> <span class='ocrx_word' id='word_1_151' title='bbox 746 2874 911 2966; x_wconf 85' lang='lat' dir='ltr'><strong>latioris,</strong></span> <span class='ocrx_word' id='word_1_152' title='bbox 938 2874 1018 2952; x_wconf 85' lang='lat' dir='ltr'><strong>lere</strong></span> <span class='ocrx_word' id='word_1_153' title='bbox 1032 2877 1253 2958; x_wconf 88' lang='lat' dir='ltr'><strong>semicircu-</strong></span> 
     </span>
     <span class='ocr_line' id='line_1_24' title="bbox 190 2994 1364 3102; baseline 0 -27"><span class='ocrx_word' id='word_1_154' title='bbox 190 3000 304 3090; x_wconf 85' lang='lat' dir='ltr'><strong>laris‚&#39;</strong></span> <span class='ocrx_word' id='word_1_155' title='bbox 325 2997 489 3076; x_wconf 87' lang='lat' dir='ltr'><strong>discerni</strong></span> <span class='ocrx_word' id='word_1_156' title='bbox 510 3012 685 3097; x_wconf 82' lang='lat' dir='ltr'><strong>possunt3</strong></span> <span class='ocrx_word' id='word_1_157' title='bbox 713 2994 985 3100; x_wconf 82' lang='lat' dir='ltr'><strong>Ganrpoplages</strong></span> <span class='ocrx_word' id='word_1_158' title='bbox 1007 3020 1159 3102; x_wconf 89' lang='lat' dir='ltr'><strong>quoque</strong></span> <span class='ocrx_word' id='word_1_159' title='bbox 1185 2997 1253 3074; x_wconf 88' lang='lat' dir='ltr'><strong>ab·</strong></span> <span class='ocrx_word' id='word_1_160' title='bbox 1363 3001 1364 3010; x_wconf 74' lang='grc'>’</span> 
     </span>
     <span class='ocr_line' id='line_1_25' title="bbox 190 3115 1253 3220; baseline 0 -26"><span class='ocrx_word' id='word_1_161' title='bbox 190 3119 341 3194; x_wconf 90' lang='lat' dir='ltr'><strong>domine</strong></span> <span class='ocrx_word' id='word_1_162' title='bbox 354 3117 536 3197; x_wconf 88' lang='lat' dir='ltr'><strong>crassiore</strong></span> <span class='ocrx_word' id='word_1_163' title='bbox 556 3131 595 3192; x_wconf 90' lang='lat' dir='ltr'><strong>ct</strong></span> <span class='ocrx_word' id='word_1_164' title='bbox 606 3115 728 3194; x_wconf 88' lang='lat' dir='ltr'><strong>minus</strong></span> <span class='ocrx_word' id='word_1_165' title='bbox 742 3139 974 3217; x_wconf 82' lang='lat' dir='ltr'><strong>compresso,</strong></span> <span class='ocrx_word' id='word_1_166' title='bbox 1002 3117 1253 3220; x_wconf 86' lang='lat' dir='ltr'><strong>antennisque</strong></span> 
     </span>
     <span class='ocr_line' id='line_1_26' title="bbox 189 3232 1364 3342; baseline -0.004 -26"><span class='ocrx_word' id='word_1_167' title='bbox 189 3239 433 3321; x_wconf 81' lang='lat' dir='ltr'><strong>crassioribus</strong></span> <span class='ocrx_word' id='word_1_168' title='bbox 454 3235 696 3322; x_wconf 84' lang='lat' dir='ltr'><strong>essesolent,</strong></span> <span class='ocrx_word' id='word_1_169' title='bbox 730 3233 898 3337; x_wconf 87' lang='lat' dir='ltr'><strong>quamvis</strong></span> <span class='ocrx_word' id='word_1_170' title='bbox 923 3232 1018 3311; x_wconf 89' lang='lat' dir='ltr'><strong>hacc</strong></span> <span class='ocrx_word' id='word_1_171' title='bbox 1037 3234 1253 3316; x_wconf 83' lang='lat' dir='ltr'><strong>differentia</strong></span> <span class='ocrx_word' id='word_1_172' title='bbox 1363 3337 1364 3342; x_wconf 7' lang='grc' dir='ltr'><strong>Ἰ</strong></span> 
     </span>
     <span class='ocr_line' id='line_1_27' title="bbox 191 3355 1248 3458; baseline -0.002 -24"><span class='ocrx_word' id='word_1_173' title='bbox 191 3360 316 3440; x_wconf 87' lang='lat' dir='ltr'><strong>minus</strong></span> <span class='ocrx_word' id='word_1_174' title='bbox 337 3373 512 3436; x_wconf 85' lang='lat' dir='ltr'><strong>constans</strong></span> <span class='ocrx_word' id='word_1_175' title='bbox 525 3355 586 3433; x_wconf 90' lang='lat' dir='ltr'><strong>sit.</strong></span> <span class='ocrx_word' id='word_1_176' title='bbox 642 3359 885 3458; x_wconf 79' lang='lat' dir='ltr'><strong>Compoplex</strong></span> <span class='ocrx_word' id='word_1_177' title='bbox 898 3379 1098 3434; x_wconf 81' lang='lat' dir='ltr'><strong>canescens</strong></span> <span class='ocrx_word' id='word_1_178' title='bbox 1111 3370 1248 3445; x_wconf 83' lang='lat' dir='ltr'><strong>autam,</strong></span> 
     </span>
     <span class='ocr_line' id='line_1_28' title="bbox 190 3474 1251 3578; baseline -0.006 -24"><span class='ocrx_word' id='word_1_179' title='bbox 190 3474 747 3578; x_wconf 80' lang='lat' dir='ltr'><strong>abdominelonge-petiolatO,</strong></span> <span class='ocrx_word' id='word_1_180' title='bbox 775 3477 908 3554; x_wconf 88' lang='lat' dir='ltr'><strong>aculco</strong></span> <span class='ocrx_word' id='word_1_181' title='bbox 922 3475 1054 3575; x_wconf 90' lang='lat' dir='ltr'><strong>longo,</strong></span> <span class='ocrx_word' id='word_1_182' title='bbox 1082 3475 1251 3550; x_wconf 89' lang='lat' dir='ltr'><strong>medium</strong></span> 
     </span>
     <span class='ocr_line' id='line_1_29' title="bbox 190 3594 1251 3697; baseline -0.002 -23"><span class='ocrx_word' id='word_1_183' title='bbox 190 3614 297 3678; x_wconf 81' lang='lat' dir='ltr'><strong>tenet</strong></span> <span class='ocrx_word' id='word_1_184' title='bbox 317 3599 417 3678; x_wconf 88' lang='lat' dir='ltr'><strong>iuter</strong></span> <span class='ocrx_word' id='word_1_185' title='bbox 435 3597 545 3670; x_wconf 89' lang='lat' dir='ltr'><strong>ambo</strong></span> <span class='ocrx_word' id='word_1_186' title='bbox 568 3594 786 3697; x_wconf 87' lang='lat' dir='ltr'><strong>subgencra.</strong></span> <span class='ocrx_word' id='word_1_187' title='bbox 813 3637 865 3654; x_wconf 87' lang='lat'><strong>--</strong></span> <span class='ocrx_word' id='word_1_188' title='bbox 890 3595 1251 3695; x_wconf 80' lang='lat' dir='ltr'><strong>Hellwigioanten-</strong></span> 
     </span>
     <span class='ocr_line' id='line_1_30' title="bbox 191 3713 1170 3820; baseline -0.012 -20"><span class='ocrx_word' id='word_1_189' title='bbox 191 3717 249 3800; x_wconf 86' lang='lat' dir='ltr'><strong>nis</strong></span> <span class='ocrx_word' id='word_1_190' title='bbox 268 3718 415 3820; x_wconf 83' lang='lat' dir='ltr'><strong>apicem</strong></span> <span class='ocrx_word' id='word_1_191' title='bbox 436 3741 565 3794; x_wconf 81' lang='lat' dir='ltr'><strong>versus</strong></span> <span class='ocrx_word' id='word_1_192' title='bbox 585 3713 797 3794; x_wconf 85' lang='lat' dir='ltr'><strong>incrassatis</strong></span> <span class='ocrx_word' id='word_1_193' title='bbox 816 3727 888 3792; x_wconf 90' lang='lat' dir='ltr'><strong>etc.</strong></span> <span class='ocrx_word' id='word_1_194' title='bbox 919 3716 1008 3795; x_wconf 84' lang='lat' dir='ltr'><strong>satis</strong></span> <span class='ocrx_word' id='word_1_195' title='bbox 1029 3713 1170 3794; x_wconf 81' lang='lat' dir='ltr'><strong>differt.</strong></span> 
     </span>
    </p>
   </div>
   <div class='ocr_carea' id='block_1_11' title="bbox 543 3911 886 3932">
    <p class='ocr_par' dir='ltr' id='par_1_12' title="bbox 543 3911 886 3932">
     <span class='ocr_line' id='line_1_31' title="bbox 543 3911 886 3932; baseline 0 -4"><span class='ocrx_word' id='word_1_196' title='bbox 543 3911 886 3932; x_wconf 57' lang='lat' dir='ltr'><strong>m</strong></span> 
     </span>
    </p>
   </div>
   <div class='ocr_carea' id='block_1_12' title="bbox 0 0 1374 4630">
    <p class='ocr_par' dir='ltr' id='par_1_13' title="bbox 0 0 1374 4630">
     <span class='ocr_line' id='line_1_32' title="bbox 0 0 1374 4630; baseline 0 0"><span class='ocrx_word' id='word_1_197' title='bbox 0 0 1374 4630; x_wconf 95' lang='lat' dir='ltr'><strong> </strong></span> 
     </span>
    </p>
   </div>
  </div>
 </body>
</html>
