2776 4628
387 245 488 299 riu.
517 229 867 300 111.nn0mstos.
1070 233 1159 310 ·639

94 414 233 521 quibus
257 424 446 490 caeterum
473 409 671 500 Anomala,
699 409 819 488 lorme
838 411 1066 506 abdominis,
1093 413 1162 494 de·

91 537 199 612 fectu
231 532 387 610 areolae
414 547 487 608 etc.
523 529 680 633 propius
708 532 1013 639 adpropinquant
1046 560 1160 639 quam

93 655 167 731 ulli
202 652 279 728 alio
317 651 534 754 subgeneri,
577 677 662 724 nam
689 651 922 756 Pacbymeri
945 654 1161 759 discrepant

93 772 301 852 femoribus
315 770 473 874 posticis
494 769 672 860 clavatis,
707 771 901 874 Ophiones
920 789 960 848 et
979 775 1160 880 Trachy-

94 901 179 974 ποτὶ
199 893 341 968 cellula
362 888 544 968 interiore
565 915 699 969 nervos
723 891 817 968 duos
841 910 1075 974 recurrentes
1096 923 1161 972 ex-

95 1013 274 1118 cipiente.
328 1013 550 1089 Anemolon
562 1009 782 1110 fibulator,
817 1017 991 1092 villosum
1012 1030 1052 1091 et
1076 1019 1162 1119 pul·

96 1133 233 1224 lidum,
255 1131 393 1234 quibus
410 1156 546 1206 nervus
562 1157 757 1210 recurrens
771 1133 867 1210 alter
879 1133 1062 1210 coincidit
1075 1163 1162 1218 cum

96 1279 231 1344 nervo,
271 1251 431 1328 cellulas
458 1250 549 1326 duas
579 1250 764 1328 cubitales
793 1253 1032 1356 sejungentc,
1066 1282 1164 1358 quo-

96 1372 296 1450 dammodo
306 1371 471 1448 medium
485 1385 618 1450 tenent
632 1370 731 1448 inter
744 1371 923 1447 Auomala
939 1389 977 1450 et
992 1375 1162 1478 Trachy-

98 1509 229 1582 notos·‚
262 1492 364 1568 idem
378 1491 493 1568 etiam
506 1491 554 1568 de
567 1493 618 1568 A.
640 1498 862 1591 uniguttato
875 1492 1032 1584 obtinet,
1059 1497 1164 1598 quod

98 1615 254 1716 insuper
283 1637 444 1715 corpore
469 1609 671 1715 graciliore
698 1611 809 1713 nigro
829 1613 875 1687 ad
901 1611 1163 1715 Trachynotos

100 1735 258 1838 propius
281 1732 439 1808 accedit.
499 1733 551 1812 Α.
571 1730 828 1834 serrugutor,
858 1731 898 1806 in
925 1759 1001 1836 quo
1028 1762 1164 1812 nervus

101 1856 170 1933 ille
196 1853 276 1930 lere
301 1851 379 1954 jam
407 1877 427 1928 a
455 1851 594 1928 cellula
623 1851 803 1928 interiore
836 1853 1013 1944 recurrit,
1048 1856 1165 1960 magis

102 1972 296 2076 magisque
324 1970 574 2074 Traehynotis
602 1964 897 2078 adpropinquas,
938 1973 1003 2050 sed
1039 1977 1166 2054 omnia

103 2090 285 2171 Anomala
312 2092 491 2194 allegata,
530 2091 641 2168 tarsis
666 2092 823 2197 posticis
849 2093 1092 2172 crassioribus
1126 2111 1167 2173 ct

100 2213 322 2302 latioribus,
347 2211 444 2288 bene
464 2237 484 2286 a
505 2211 755 2314 Trachynotis
775 2226 846 2287 etc.
870 2211 1165 2316 distinguuntur.

100 2377 155 2394 —
181 2335 332 2434 Species
358 2331 558 2408 abdomine
577 2332 750 2432 longiore
770 2346 810 2408 et
827 2333 1044 2434 graciliore,
1072 2363 1106 2412 v.
1130 2365 1165 2413 c.

103 2457 156 2534 A.
182 2460 366 2556 cerinops,
382 2451 657 2547 fluveolutum,
684 2449 976 2544 clandestinum,
1002 2455 1168 2558 aliquam

103 2572 345 2650 manifestant
369 2572 593 2648 relationem
621 2573 668 2648 ad
692 2573 878 2664 Macros,
917 2573 982 2650 sed
1014 2573 1168 2652 delectu

107 2694 271 2783 areolae,
297 2693 483 2796 tersisque
496 2691 653 2796 posticis
668 2692 878 2783 latioribus,
904 2694 1095 2770 differunt.
1116 2737 1170 2754 ·-·

105 2813 314 2914 Hellwigio
328 2813 490 2902 tandem,
515 2827 665 2915 praeter
678 2837 811 2890 nervos
825 2814 919 2890 duos
932 2830 1168 2892 recurrentes

107 2934 274 3011 cellulae
302 2933 511 3024 interioris,
555 2931 742 3034 tersisque
771 2933 928 3036 posticis
955 2934 1170 3038 gracilibus,

107 3053 292 3160 imprimis
315 3053 490 3130 antennis
512 3053 743 3144 incrassatis,
769 3052 941 3130 discedit.
