2724 4630
243 225 319 298 316
634 211 636 215 ’
693 241 848 292 nassus

238 411 263 486 4
289 405 476 482 interdum
504 406 583 482 basi
614 403 707 484 ruis.
762 409 934 488 Aculeus
964 409 1027 486 vix
1060 408 1304 488 subexsertus

240 525 358 627 niger.

311 646 435 722 Mares
454 659 494 722 et
515 645 675 722 feminas
697 645 792 749 legi,
819 644 1011 725 mensibus
1040 648 1303 751 lunii-Sep-

234 764 409 855 tembris,
437 765 537 842 oirca
557 765 838 858 Wurmhrunn,
865 767 1079 858 Curiorum,
1102 765 1303 856 Oedelem,

236 884 457 987 praesertim
472 886 513 961 in
530 885 763 975 umbellntis,
791 887 912 962 ramus
932 887 973 962 in
992 885 1182 962 fruticetis
1199 900 1240 962 es
1258 885 1302 962 in

235 1004 419 1106 gramine3
461 1019 662 1107 utrumque
682 1033 829 1082 'frenum
862 1007 976 1088 ctiam
1007 1035 1029 1084 e
1065 1004 1301 1085 Vindobona

233 1124 533 1203 Sicleershcusen
546 1139 589 1201 et
606 1127 753 1202 Parma
763 1127 909 1231 accepi.
950 1124 1123 1227 Singrlas
1137 1125 1299 1202 feminas

232 1243 327 1346 legi,
353 1244 544 1322 mensibus
555 1245 646 1321 Iulii
661 1261 701 1321 et
712 1246 882 1348 Augusti,
908 1244 951 1322 in
963 1244 1180 1322 umbellatis
1194 1243 1298 1319 circa

230 1363 519 1443 Helmsccdium
559 1379 600 1440 et
638 1366 921 1452 Burterodom3
960 1365 1150 1466 aliaeque,
1192 1365 1295 1440 circu

228 1483 377 1564 Halum
391 1485 618 1576 Saxonum,
643 1484 940 1589 Norimbergum
957 1499 999 1584 et
1011 1485 1185 1564 Genuum
1203 1511 1296 1591 cap·

231 1616 312 1694 tae,
337 1603 384 1680 ad
404 1630 464 1683 me
481 1605 836 1722 permissae-sunt.

612 1912 898 1992 varietates:

307 2089 339 2158 1.
380 2082 500 2162 Facie
526 2097 613 2160 totu
638 2090 761 2185 nigro.
797 2084 823 2160 f.
851 2126 904 2145 ·-
936 2084 1093 2162 Caetera
1122 2084 1222 2162 sicut
1249 2085 1291 2162 in

225 2199 401 2301 plurimis
427 2203 577 2279 feminis
604 2203 787 2306 genuinis.

302 2323 500 2401 Individua
521 2323 704 2427 quaedam
725 2323 801 2426 legi
823 2351 909 2400 cum
928 2325 1113 2428 genuinis.

297 2569 335 2640 2.
363 2565 488 2642 Coxis
499 2578 538 2640 et
553 2563 863 2644 trochonceribus
879 2565 1138 2644 anterioribus
1146 2562 1290 2662 flecis,

222 2678 384 2761 thorace
401 2679 625 2789 plerumque
634 2682 957 2779 flcoomucolcco.
985 2713 1035 2763 m.
1048 2686 1076 2763 f.
1103 2727 1157 2747 -··

298 2804 417 2882 Mas:
447 2804 670 2907 Longuudo
690 2815 717 2884 2
734 2807 931 2884 linearum.
986 2806 1158 2884 Thorax
1181 2807 1285 2884 linea

218 2935 306 2998 unte
334 2923 430 3014 alas,
466 2924 609 3002 lineola
635 2925 734 3002 inira
759 2927 854 3018 alas,
889 2925 991 3004 linea
1017 2926 1168 3003 laterali
1195 2943 1285 3004 ente

216 3065 328 3120 coxas
349 3042 509 3134 anticas,
537 3059 665 3122 sutura
686 3047 834 3124 laterali
851 3047 1228 3151 interprochorncem
1241 3063 1286 3123 et

216 3161 528 3252 mecachoracem,
568 3165 686 3241 flavis.
746 3165 872 3244 Pedes
899 3165 1109 3244 anteriores
1139 3165 1282 3243 diluto·

214 3277 331 3372 sulvi,
358 3281 565 3358 semoribus
582 3284 713 3359 subtus
728 3285 862 3388 nigris,
890 3287 995 3361 coxis
1010 3303 1049 3364 et
1061 3283 1282 3362 trochante-

215 3398 320 3474 ribus
342 3403 469 3492 flavis3
495 3401 634 3504 postici
658 3403 880 3507 ferruginei,
906 3405 1012 3482 tibiis
1027 3407 1145 3509 paulo
1162 3407 1280 3509 palli-

213 3517 401 3608 dioribus,
434 3521 738 3600 trochanueribus
772 3527 877 3603 flavis
903 3525 983 3602 basi
1013 3527 1136 3627 nigra,
1170 3526 1278 3601 coxis

212 3636 329 3739 nigris
362 3639 469 3743 apice
503 3643 613 3720 flavo,
666 3644 869 3724 Abdomen
894 3662 1087 3748 segmento
1114 3653 1142 3724 2
1165 3646 1277 3748 apice

208 3755 337 3848 fnlv03
364 3759 533 3852 Sfulvo,
560 3761 677 3840 fascia
699 3766 823 3842 media
850 3767 973 3870 nigra,
1002 3765 1126 3872 medio
1156 3766 1275 3843 inter-

208 3891 337 3980 rupta3
365 3885 389 3957 4
408 3905 554 3960 summo
575 3885 742 3986 margine
762 3903 957 3964 castaneo·
977 3929 1031 3946 -
1055 3887 1214 3965 Caetera
1231 3903 1274 3964 ut

208 3997 249 4073 in
269 3998 446 4102 plurimis
461 4003 624 4082 maribus
645 4005 830 4106 genuinis.
