2764 4628
255 201 332 276 862
690 213 886 268 xourors

330 615 462 717 Caput
490 605 751 700 subcubioum,
777 607 926 712 angulis
945 607 1106 690 obtusis.
1126 653 1180 671 -
1200 613 1327 694 Oculi

251 734 380 808 orales
404 729 623 836 prominulil.
640 771 692 789 -··
705 732 911 810 Antennoe
929 731 1137 808 mediocres
1154 747 1222 807 aut
1235 759 1324 836 gru-

252 852 365 942 ciles,
399 865 597 953 porrectae
609 864 675 925 aut
689 849 945 929 subcurratae.
966 891 1020 908 -
1038 850 1209 928 Tlrorooe
1228 853 1323 929 suh-

252 971 483 1072 cylindricus
497 982 562 1044 aut
575 967 765 1071 gibbulus.
786 1011 840 1027 —
860 969 1075 1048 Scutellum
1090 972 1320 1050 conterius·

252 1094 398 1178 culum,
425 1091 654 1192 triangulare
674 1087 782 1192 apice
799 1087 948 1202 obtuso.
970 1131 1024 1148 -
1041 1091 1146 1169 Aloe
1165 1091 1317 1168 subam-

253 1213 359 1313 plae3
387 1209 512 1286 areola
528 1206 878 1314 quinqueangulari,
904 1206 1024 1283 rarim
1051 1209 1118 1309 (Ε.
1137 1213 1316 1314 ormot'o)

250 1331 407 1408 omnino
425 1329 639 1406 deficiente.
651 1327 839 1406 -Pedes
850 1327 1059 1405 mediocres
1073 1344 1139 1404 aut
1159 1331 1315 1434 subgra-

251 1451 362 1542 ciles,
382 1448 520 1553 postici
536 1446 715 1548 elongati.
729 1489 783 1504 -
801 1445 1003 1527 Attamen
1017 1449 1315 1550 subpetiolatum

155 1585 157 1592 ’
251 1587 317 1648 out
332 1568 794 1659 subsessile,-convexum;
815 1567 980 1645 maribus
996 1566 1312 1671 ramaequilutum,

249 1691 405 1768 thorace
426 1681 637 1790 angustius,
670 1711 793 1790 eoque
812 1687 931 1789 duplo
958 1686 1126 1790 longius3
1160 1689 1312 1766 leminis

249 1808 415 1899 brevius,
443 1807 645 1884 latitudine
659 1803 836 1895 thoracis,
863 1806 1196 1909 oblongoovatum.
1226 1811 1313 1912 Seg-

249 1943 419 2007 mentum
442 1926 604 2029 primum
625 1925 871 2030 sequentibus
884 1925 1096 2028 angustius,
1121 1929 1312 2005 canalicu-

249 2046 387 2136 latum3
420 2045 567 2149 petiolo
590 2045 858 2136 crassiusculo,
893 2045 1002 2123 basin
1023 2071 1152 2123 versus
1174 2049 1310 2125 sensim

251 2167 536 2269 subaugustator
557 2180 665 2269 parte
680 2166 803 2242 antica
817 2164 1021 2242 latitudine
1033 2166 1218 2268 longiore,
1236 2195 1309 2244 ma-

249 2287 353 2364 ribus
368 2286 570 2389 aequilata,
592 2284 744 2363 leminis
759 2285 907 2389 apicem
920 2311 1049 2362 versos
1062 2285 1203 2364 sensim
1216 2287 1309 2364 dila-

248 2421 340 2496 taou,
363 2407 479 2510 paulo
492 2406 627 2482 latiore
641 2405 915 2510 paululumque
929 2404 1103 2508 longiore
1114 2433 1229 2509 quam
1243 2433 1308 2512 pe·

249 2525 381 2602 tiolus.
396 2569 449 2585 -·
460 2527 632 2604 Aculeus
645 2527 725 2602 lere
739 2525 978 2629 longitudine
999 2525 1182 2629 corporis.

323 2647 385 2723 De
399 2644 648 2722 relationibus
666 2645 766 2722 inter
783 2643 856 2720 hoc
870 2645 1057 2747 subgenus
1072 2659 1112 2721 et
1125 2647 1307 2725 Nemotu-
1360 2637 1361 2661 ,

247 2764 387 2868 podius
399 2768 656 2869 Cryptorque,
668 2765 739 2842 hos
754 2763 937 2842 conferas.
969 2767 1002 2840 A
1017 2763 1172 2843 familiis
1187 2767 1307 2844 trihus

248 2883 556 2961 antecedentibus
596 2885 839 2964 Xorr'dorum
882 2883 977 2960 haec
1015 2883 1146 2960 differt
1183 2887 1307 2966 areola

250 3003 609 3108 quinqueangulari,
637 3021 720 3096 uut,
748 3005 778 3082 si
804 3005 897 3081 haec
915 3003 1038 3094 deest,
1066 3003 1190 3080 neruis
1213 3007 1305 3084 inle-

247 3124 411 3200 rioribus
426 3123 649 3202 cellularum
664 3125 820 3204 duarum
835 3122 1057 3201 cubitalium
1069 3124 1171 3201 haud
1186 3125 1234 3201 ud
1246 3153 1306 3202 un·

247 3245 379 3345 gulum
392 3242 557 3320 cellulae
572 3246 724 3324 radialis
739 3243 939 3347 contiguis,
960 3243 1027 3321 ted
1040 3243 1194 3320 cellulis
1216 3246 1304 3336 istis,

248 3362 305 3438 uti
333 3363 374 3437 iu
399 3362 513 3464 longe
540 3365 716 3464 plurimis
744 3361 1102 3442 lchueumonidibus
1122 3363 1304 3466 genuinis,

248 3506 379 3570 nervo,
413 3481 480 3585 qui
512 3483 559 3559 ub
591 3483 731 3588 angulo
762 3483 927 3561 cellulae
958 3480 1112 3559 radiolis
1136 3483 1303 3574 recurrit,

248 3600 459 3703 disjunctis.

638 3829 940 3850 m
