2736 4630
266 213 570 296 rrn.1,saur.
599 229 624 280 1.
653 229 926 280 caurornex.
1051 213 1128 290 465

81 396 179 473 rimis
195 391 738 498 tomentogriseo·serioante,
762 391 1001 476 distinetione
1015 421 1130 500 quam
1251 433 1256 446 ·

64 516 117 592 ·in
135 517 258 620 specie
283 515 464 618 genuina,
481 513 640 592 'vestita
693 517 896 594 Antennoe
919 514 1081 592 articulo
1105 525 1125 596 1

79 637 182 713 maris
197 638 327 714 subtus
341 633 462 712 rarius
476 635 586 739 apice
597 633 822 725 r'uleseente,
836 633 998 712 feminae
1012 634 1129 712 inter-

80 750 160 832 dum
192 758 322 834 subtus
358 753 566 831 subalbido.
627 753 750 834 Pedes
780 755 986 832 anteriores
1019 754 1129 848 fulvi,

79 876 162 951 muri
177 875 366 953 interdum
387 872 670 964 substraminei,
695 873 997 960 trochanteribus
1010 874 1127 966 flavis,

79 996 173 1072 coxis
188 993 322 1071 euticis
336 992 417 1068 basi
432 993 554 1096 nigra,
581 991 715 1071 mediis
735 995 826 1072 totis
847 994 982 1097 nigris,
1010 993 1130 1070 femo-

78 1117 174 1192 ribus
192 1112 327 1191 mediis
349 1112 444 1188 mari
464 1113 585 1189 rarius
604 1113 687 1188 basi
714 1114 836 1216 nigra,
862 1115 969 1190 tibiis
994 1114 1129 1190 mediis
1161 1179 1164 1186 .

78 1234 163 1308 mari
176 1233 365 1310 interdum
377 1232 458 1308 basi
470 1233 689 1336 pallidiore3
715 1234 852 1336 postici
875 1235 979 1310 coxis
996 1251 1036 1310 et
1049 1250 1131 1310 tro-

78 1352 312 1432 ehanteribus
327 1351 460 1456 nigris,
486 1351 546 1430 bis
561 1354 786 1457 plerumque
804 1353 913 1457 apice
932 1355 1047 1446 flavo,
1074 1354 1131 1432 le-

78 1472 365 1562 moribuerufis,
392 1496 554 1575 superno
573 1472 682 1548 basin
693 1499 841 1563 versus,
868 1474 1131 1577 utplurimum

81 1619 230 1698 quoque
258 1591 462 1694 geniculis,
486 1591 576 1696 plus
598 1591 724 1670 minus
748 1593 883 1696 nigris,
909 1593 1015 1670 tibiis
1040 1595 1133 1670 rufis

79 1731 139 1790 aut
160 1711 425 1804 subtestaoeis,
452 1726 518 1786 aut
538 1711 691 1802 albidis,
718 1711 826 1815 apice
847 1729 991 1790 etanta
1011 1713 1131 1804 basin,

78 1834 136 1910 rel
148 1831 234 1908 basi
248 1845 339 1923 tota,
365 1831 634 1934 nigricantibus
648 1831 851 1922 autfuscis,
877 1833 987 1909 tarsis
1000 1833 1130 1909 luscis.

77 1953 277 2033 Abdomen
301 1949 415 2033 maris
441 1950 560 2028 rarius
586 1952 734 2028 macula
753 1953 903 2029 laterali
923 1949 1031 2026 badia
1052 1977 1134 2053 seg-

78 2072 194 2152 menti
214 2069 332 2148 tertii.
360 2113 412 2130 -··
438 2071 595 2146 Caetera
616 2069 716 2146 siout
742 2069 783 2146 in
811 2070 938 2174 specie
959 2071 1132 2173 genuina.

150 2193 276 2269 Mares
296 2189 391 2266 duos
413 2189 561 2292 accepi,
590 2187 630 2264 in
645 2191 687 2268 V
684 2188 845 2295 olbym'a
860 2205 899 2268 et
918 2189 958 2266 in
972 2193 1137 2292 Regione

78 2311 364 2392 Pedemontona
402 2324 554 2413 oaptos;
600 2310 899 2386 Pedemontanus
936 2310 1136 2386 distinctus

80 2448 136 2508 est
154 2431 319 2508 articulo
337 2439 357 2508 1
378 2445 624 2508 antennarum
646 2429 754 2532 apice
775 2429 1005 2520 rulesoente,
1026 2430 1139 2534 'pedi-

78 2551 146 2628 bus
161 2549 445 2653 pallidioribus,
471 2549 618 2624 macula
631 2547 778 2626 laterali
794 2549 1014 2625 abdominis.
1067 2552 1139 2626 Fo-

79 2671 199 2746 minas
220 2669 422 2746 nonnullas
448 2668 544 2772 legi,
572 2663 763 2747 mensibus
784 2669 885 2744 Iunii
906 2683 945 2744 et
964 2669 1071 2759 Iulii,
1099 2670 1140 2745 in

80 2785 221 2894 plantis
248 2805 334 2866 ante
360 2789 563 2866 fenestram
590 2789 741 2891 positis,
781 2789 881 2865 inter
908 2789 1075 2890 Aphidas
1101 2803 1142 2864 et

81 2911 203 2988 larvas
219 2909 461 3012 Syrphorum,
492 2910 534 2988 V
532 2911 757 2986 rotislorioe
762 2938 777 2995 ,-
801 2908 904 2999 duas,
932 2909 1032 2986 eirca
1047 2911 1142 2987 Net-

82 3034 146 3136 ley
165 3044 311 3133 captas,
338 3030 451 3132 Hope
470 3029 516 3104 ad
543 3055 602 3105 me
625 3028 745 3119 misit,
773 3054 911 3130 easque
936 3028 1097 3106 articulo
1120 3035 1139 3106 1

83 3137 329 3231 antennarum
346 3165 386 3226 et
397 3148 503 3225 tibiis
516 3147 674 3253 posticis
688 3147 964 3252 pallidioribus.

162 3395 197 3472 5.
226 3387 555 3470 Trocbonteribus
581 3383 757 3468 omnibus
784 3405 823 3468 et
835 3391 1034 3494 semorum
1064 3385 1148 3464 bosi

86 3521 218 3615 nigris.
245 3512 272 3588 f.
301 3555 354 3571 -
378 3506 599 3612 Largitudo
615 3508 778 3610 tif-3
793 3509 991 3584 linearum.
1026 3505 1149 3584 Pedes

88 3634 192 3710 coxis
220 3649 259 3709 et
290 3630 595 3710 trocbanteribus
630 3627 764 3732 nigris,
797 3627 856 3704 bis
891 3628 999 3732 apice
1032 3627 1148 3714 flavo,

87 3753 294 3830 femoribus
308 3753 418 3843 rufis,
447 3775 589 3825 summa
604 3750 683 3825 basi
705 3749 827 3849 nigra,
855 3747 1013 3850 posticis
1035 3747 1151 3823 etiam

89 3872 270 3974 geniculo
310 3871 438 3973 nigr03
488 3868 593 3945 tibiis
641 3868 914 3970 posterioribus
956 3868 1151 3956 exalbidis,

91 3994 202 4097 apice
216 4007 255 4074 et
278 4005 365 4066 aute
385 3989 494 4064 basin
508 3987 641 4090 nigris,
669 3988 804 4066 antitis
817 3989 909 4066 totis
925 3987 1154 4078 stramineis3

143 4129 231 4186 chn.
247 4127 358 4196 Europ.
377 4125 446 4177 Pars
464 4123 521 4180 111.
836 4119 886 4202 30
1000 4207 1002 4210 ι
