2706 4640
528 166 585 233 rr.
615 180 639 232 1.
1039 173 1117 250 ⁹03

42 350 96 426 tis
111 345 321 449 intemisl)
335 344 577 449 maxillisque
594 343 867 426 devitantibus.
908 351 1115 432 Antennae

42 468 171 571 capite
205 467 435 571 thoraceque
469 465 679 568 longiores,
718 483 884 557 erectae,
928 486 1110 564 setaceae,

42 589 154 692 apice
168 604 354 679 curvatae,
376 587 514 675 fuscae,
536 585 698 662 articulo
711 587 834 689 primo
848 589 967 689 nigro,
993 593 1110 668 -Tba-

41 737 126 785 rasc
154 708 268 784 sulcis
294 708 440 784 duobus
468 705 706 796 lateralibus,
740 707 887 808 postice
921 710 961 786 in
993 737 1110 815 angu-

40 827 124 903 lum
151 827 231 902 lere
258 827 481 903 coeuntibus
512 825 671 926 (suturis
698 825 950 928 lateralibus).
1004 836 1108 911 Alae

42 947 336 1038 erectiusculae,
370 946 561 1047 hyalinae,
597 946 721 1023 nervis
745 945 987 1048 ferrugineis,
1015 949 1108 1056 stig-

43 1084 146 1142 mate
168 1066 286 1166 nigro.
340 1067 462 1145 Pedes
474 1065 579 1168 longi
599 1067 689 1157 rufi,
716 1063 1108 1173 pallide-ferruginei,

43 1187 150 1262 coxis
183 1185 323 1288 glabris
363 1186 587 1288 nigerrimis.
648 1185 849 1265 Addomen
883 1190 1108 1292 petiolatum

44 1306 305 1396 sublalcatum,
325 1304 680 1408 lereoylindricum,
703 1307 812 1408 apice
825 1321 952 1385 tamen
966 1313 1108 1388 acumi-

44 1443 145 1504 nato.
172 1429 342 1505 Aculeus
357 1425 419 1502 vix
435 1426 633 1520 abdomine
647 1426 810 1529 longior,
826 1427 942 1530 niger,
958 1432 1106 1509 terebra

46 1545 464 1648 obscuro-ferruginea.

45 1719 156 1800 chn.
175 1718 400 1800 moderator
413 1715 522 1794 Fabr.
540 1719 608 1794 Fn.
624 1717 782 1796 Groenl.
799 1745 835 1821 p.
855 1725 938 1810 198,
961 1749 996 1797 n.
1015 1725 1106 1814 154;
1126 1809 1129 1816 ,

257 1838 413 1916 dabitat
439 1838 578 1940 passim
599 1839 638 1914 in
664 1837 835 1928 sinubus,
863 1838 1046 1942 imprimis
1068 1843 1108 1920 in

259 1975 430 2061 empetro
453 1959 560 2061 nigro
584 1985 713 2035 mense
728 1959 838 2035 Iunio
853 1959 1002 2052 obvius,
1030 1989 1108 2042 non

258 2095 386 2156 tamen
399 2103 631 2154 numerosus.
654 2081 741 2156 Alas
756 2105 840 2156 suas
854 2081 1001 2182 erigens
1016 2109 1110 2158 con-

259 2201 368 2277 tinuo
388 2199 540 2276 motitat
557 2199 816 2302 abdomenque
844 2199 1027 2277 incurvat.
1055 2247 1109 2266 -

260 2318 482 2420 Descriptio
517 2316 774 2400 moderatoris
803 2332 999 2396 auctorum
1031 2349 1109 2402 noa

261 2437 413 2540 quidem
436 2435 475 2510 in
496 2435 670 2510 omnibus
691 2437 864 2538 quadrat,
892 2467 961 2516 nec
983 2456 1110 2521 tamen
1178 2441 1182 2447 ’

263 2558 337 2632 alia
350 2557 480 2660 magis.
517 2556 642 2632 Primo
658 2555 766 2633 illum
782 2583 852 2658 pro
865 2559 974 2636 chn.
991 2571 1112 2640 mani·

250 2679 451 2782 sectatore
480 2675 595 2750 habui
629 2676 797 2774 (confer.
833 2678 944 2758 Mitll.
978 2683 1106 2759 Prodr.

254 2801 300 2874 n.
319 2801 457 2898 1809),
484 2797 549 2873 sed
570 2795 643 2870 hoc
664 2796 800 2872 deinde
821 2797 902 2874 viso
925 2827 993 2902 per
1007 2827 1113 2878 com-

262 2918 496 3019 parationem
529 2917 640 2992 uliter
673 2916 868 3012 convictus
903 2944 995 2997 sum.
1053 2929 1112 2998 An

263 3034 382 3139 igitur
400 3037 451 3112 sit
464 3035 699 3112 Ichnenmon
720 3037 1008 3140 groenlandicus
1024 3037 1114 3114 hac·

262 3171 374 3234 tenus
414 3157 565 3258 ignotus
605 3157 872 3234 determinabit
908 3155 1115 3262 descriptio

263 3277 378 3351 modo
404 3275 582 3353 exhibita.

307 3447 443 3523 Nota:

131 3585 233 3658 Haec
253 3585 398 3690 species
418 3584 482 3660 vir
504 3585 549 3660 ad
563 3583 670 3662 chn.
688 3581 969 3662 moderatorem
987 3597 1118 3659 aucto-

54 3730 139 3779 rum
154 3705 305 3807 (dequo
320 3703 537 3784 conseratur
559 3720 685 3781 noster
700 3705 864 3780 Porizon
880 3705 1119 3795 moderator)

55 3826 190 3902 relerri
218 3840 362 3927 potest,
397 3825 461 3900 sed
496 3840 646 3904 nostrae
674 3827 903 3902 Lisronatae
927 3824 1122 3926 sulphuri·

45 3947 168 4050 serae
181 3946 444 4049 responderet,
473 3945 548 4022 nisi
568 3945 755 4023 abdomen
767 3943 994 4046 petiolatnm
1009 3957 1122 4020 esset,

123 4081 211 4134 lehn.
224 4081 336 4152 Europ.
349 4081 420 4134 Pars
432 4079 492 4132 111.
808 4069 859 4140 63
