2776 4628
213 247 290 320 eto
558 269 560 274 ·
659 258 828 314 ornrorr

290 427 435 506 Marem
455 423 693 504 artemium
719 424 824 528 cepi,
852 426 954 503 eirea
982 425 1025 507 V
1023 429 1284 518 rotisloriom,

215 575 344 628 mense
358 545 489 636 Iunio,
509 546 555 622 in
570 543 772 635 fruticetis,
799 544 978 623 feminam
991 571 1144 650 quoque
1159 573 1282 650 prope

216 665 477 747 Borterodom
485 696 499 754 ,·
524 665 621 742 aliae
633 665 807 756 feminae,
823 665 923 742 eirea
939 666 1114 744 Genuam
1127 667 1282 744 Aboom

217 789 318 884 etin
338 788 545 889 Huagorio
567 786 708 877 lectae,
735 784 829 862 mihi
851 784 987 863 missae
1008 799 1114 878 aarum
1140 811 1283 862 marem

218 909 487 989 berolinensem
512 906 592 985 vidi
618 905 660 982 in
690 931 822 984 museo
843 907 1003 1007 longia
1026 907 1122 982 duos
1148 931 1280 998 mares,

217 1028 318 1104 eirea
338 1029 481 1131 Netley
499 1041 650 1128 eaptoa,
677 1027 789 1130 Hope
814 1028 861 1104 ad
886 1053 947 1104 me
967 1026 1082 1104 misit.
1136 1025 1283 1102 Indivi·

217 1148 334 1224 duum
355 1147 565 1228 masculum
581 1147 764 1226 Richtero
777 1148 949 1251 prorepit
961 1173 984 1224 e
997 1169 1100 1251 pupa
1113 1143 1286 1306 Bombp-

218 1273 275 1346 eis
289 1263 451 1366 bifidae,
478 1291 608 1344 mense
622 1266 812 1344 Octobris.

609 1489 887 1592 synonyma.

217 1625 324 1705 chn.
347 1623 536 1702 Geoffroii
556 1650 595 1727 p.
609 1635 703 1717 332,
731 1655 767 1702 rr.
784 1629 855 1714 aa,
882 1623 982 1701 eirca
1003 1624 1129 1704 Ilices.

216 1747 326 1825 chn.
345 1753 519 1846 virgatas
532 1747 728 1848 Fouroroy
745 1771 783 1848 p.
801 1752 894 1836 401,
921 1774 957 1822 n.
974 1747 1037 1824 25.

268 1923 291 1958 „
343 1865 486 1946 Villers
499 1891 538 1969 p.
554 1870 648 1957 204,
675 1873 823 1956 m2283
849 1866 891 1944 in
905 1865 1047 1944 Gallia.

417 2087 557 2163 Nota:

293 2223 394 2301 Cave
408 2249 456 2300 ne
469 2223 566 2300 bano
581 2221 747 2328 speeiem
768 2250 855 2300 oum
868 2225 1086 2331 Mesolepto
1097 2239 1284 2316 testaceo,

215 2369 395 2451 perquam
410 2343 526 2434 affini,
546 2361 615 2422 neo
631 2345 721 2436 fere,
739 2345 811 2421 nisi
826 2345 1026 2424 abdomine
1037 2345 1161 2422 minus
1175 2371 1283 2421 eom-

219 2489 369 2564 presso,
396 2463 593 2554 distinet0,
621 2463 839 2542 confundas.
1381 2537 1382 2541 ,

293 2583 441 2662 Olivier
453 2583 706 2662 Walelrenaer
719 2599 759 2662 et
771 2585 904 2686 Illiger
915 2585 976 2684 (in
990 2585 1119 2680 Fauna
1132 2584 1278 2683 Rossii)
1380 2643 1381 2656 2

214 2701 319 2780 Ichn.
342 2707 393 2782 25
413 2703 601 2779 Geoffroii
623 2705 670 2779 ad
689 2703 797 2784 chn.
819 2705 1279 2808 crossipedem'adbibue-
1379 2751 1380 2776 r

212 2821 318 2913 runt,
351 2821 417 2926 qui
446 2839 572 2900 autem
598 2822 805 2902 femoribus
833 2825 990 2927 posticis
1018 2825 1174 2901 clavatis
1202 2840 1276 2902 ete.
1378 2879 1379 2895 .

213 2941 303 3016 satis
316 2941 462 3033 differt,
489 2943 693 3048 potiusque
706 2944 753 3020 ad
767 2961 934 3022 nostram
951 2947 1145 3049 Pimplom
1155 2943 1281 3042 flavi·
1377 2999 1378 3014 r

211 3077 362 3140 contem
379 3061 501 3166 redigi
515 3061 641 3142 debet.

516 3429 590 3496 107.
632 3417 668 3490 P.
688 3419 964 3496 TESTACEUS.

409 3585 608 3672 Tortorem,
652 3591 760 3660 oculis
799 3589 981 3680 ocellisque
1014 3589 1125 3658 suecis.
1169 3613 1213 3656 m.
1246 3591 1275 3660 s.

407 3689 539 3771 (aculeo
561 3692 683 3780 brevi).

1372 3549 1373 3605 i

1371 3665 1372 3724 i

1370 3789 1371 3841 t

283 3889 384 3968 Haec
405 3891 551 3998 species
578 3924 598 3974 a
627 3897 878 4001 praecedente
898 3897 1045 3988 differt,
1074 3895 1276 3975 abdomine
1369 3925 1370 3958 t

204 4021 242 4084 et
261 4027 455 4112 segmento
476 4015 601 4120 primo
626 4021 852 4125 plerumque
877 4018 1115 4123 longioribus
1143 4033 1183 4097 et
1208 4045 1275 4094 an·
1368 4037 1369 4078 t
