2652 4628
183 271 234 340 22
444 304 447 315 ·
628 281 795 332 armeta

103 503 111 518 .
183 448 322 537 romu
364 446 566 550 segmentis
602 452 728 526 1-3
758 440 924 545 margine
962 439 1261 531 ruloaastaneo;

182 578 208 646 2
236 567 425 643 interdum
450 566 531 644 fere
555 581 639 662 toto
667 563 770 653 rulo,
798 565 850 637 ita
880 577 939 660 ut,
967 561 1087 650 loreis
1114 562 1263 638 colore

181 685 268 763 rulo
288 685 380 761 totis
401 686 575 777 imbutis,
603 685 644 760 in
662 685 775 759 dorso
795 698 834 758 et
855 680 1044 784 utrimque
1064 682 1105 757 in
1124 683 1263 758 latere

180 807 412 907 triangulum
436 806 582 908 nigrum
602 819 668 882 aut
688 804 837 880 fuscum
858 801 1117 878 subelevatum
1138 801 1261 879 exhi-

181 927 335 1014 heatur,
368 932 393 1004 4
422 941 461 1002 et
489 928 513 1004 5
543 925 731 1000 interdum
765 947 911 998 summo
943 922 1113 1025 margine
1144 923 1256 998 rufo,

184 1047 358 1124 Aculeus
369 1043 579 1120 minoribus
600 1042 810 1120 abdominis
826 1041 1080 1144 longitudine,
1107 1043 1259 1118 indivi-

180 1164 267 1240 duis
280 1165 428 1242 mediae
439 1163 709 1266 magnitudinis
725 1161 927 1239 abdomine
939 1162 1101 1265 longior,
1127 1165 1258 1239 maxi-

180 1287 252 1362 mis
264 1283 435 1390 eorporis
449 1283 690 1386 longitudine
710 1285 874 1387 paulove
891 1282 1054 1386 longior.

256 1407 383 1482 Mares
411 1421 451 1481 et
478 1404 637 1480 feminas
658 1403 807 1506 accepi,
835 1405 935 1482 circa
960 1405 1003 1484 V
1000 1399 1254 1496 indutorum,

179 1523 483 1604 Siclerslrausen
515 1537 555 1600 et
585 1525 735 1627 Nieslry
761 1523 901 1615 lectos;
935 1525 1119 1626 quaedam
1147 1526 1251 1602 aliae

179 1645 360 1734 feminae,
395 1641 496 1717 circa
532 1644 575 1720 V
572 1641 836 1735 ratislaaium,
876 1643 1122 1746 Gottingum,
1162 1647 1250 1725 Νο-

179 1763 411 1866 rimbergnm
444 1778 484 1839 et
515 1763 556 1838 in
589 1765 756 1864 Regione
786 1765 1069 1868 pedemontana
1108 1766 1247 1857 lectae,

178 1884 275 1960 mihi
308 1868 550 1990 transmissio
584 1898 689 1976 sunt,
723 1911 883 1988 quarum
914 1887 1246 1988 norimbergensis,

180 2005 309 2081 colore
323 2004 409 2081 rulo
431 2020 708 2105 segmentorum
730 2015 755 2084 2
777 2021 816 2081 et
838 2019 862 2087 3
881 2008 1124 2110 praevalente
1145 2007 1245 2109 (quo

179 2124 227 2199 ad
259 2124 479 2200 varietatem
509 2135 536 2204 2
568 2125 710 2228 speciei
743 2128 1002 2230 antecedentis
1037 2127 1245 2230 adpropin-¹

179 2246 307 2346 quat),
335 2247 610 2346 pedemontana
630 2259 774 2335 autem,
803 2245 927 2350 pulpis
940 2245 1075 2335 fulvia,
1103 2246 1242 2348 clypeo

177 2363 280 2454 rufa,
300 2365 481 2440 antennis
511 2367 642 2440 subtus
667 2368 776 2456 rufis,
804 2393 825 2439 a
853 2355 1011 2469 reliquis
1038 2392 1079 2442 se
1106 2365 1240 2454 distin·

177 2501 310 2584 guunt.
365 2487 451 2588 lpse
467 2486 669 2562 nonnullas
689 2485 847 2563 feminas
863 2485 958 2589 legi',
984 2511 1113 2563 mense
1127 2487 1237 2578 Iulio,

177 2603 219 2678 in
240 2605 456 2681 umbellatis
475 2606 577 2682 eirea
589 2605 886 2686 Helmstudium.
965 2697 968 2706 Δ
1019 2713 1022 2722 y

588 2880 827 2956 Varietasz

255 3039 287 3109 1.
323 3034 538 3132 Segmentis
565 3042 679 3114 1-a
705 3030 827 3132 rufis,
853 3042 878 3113 3
906 3037 1061 3114 macula
1088 3035 1234 3130 dorsale·

163 3153 428 3251 suscescente3
466 3160 491 3232 4
525 3155 636 3256 ruse,
674 3153 794 3233 dorso
816 3157 961 3260 susc03
998 3157 1234 3262 sequentibus

173 3273 417 3371 nigrosuscis.
444 3271 471 3348 f.
500 3316 552 3332 -
578 3275 736 3351 Caetera
756 3277 911 3352 omnino
931 3276 1029 3352 sicut
1044 3279 1085 3353 in
1101 3277 1231 3356 inditi-

172 3387 257 3462 duis
274 3389 449 3491 plurimis
464 3393 650 3494 genuinis.

250 3506 407 3583 Unicam
423 3509 601 3588 feminam
614 3541 639 3591 a
652 3513 790 3592 Steeen
808 3541 829 3589 e
844 3517 996 3591 Tauria
1009 3513 1103 3592 mihi
1118 3517 1225 3594 misit.

565 3771 842 3869 synonyma:

169 3917 276 3994 Iclm.
304 3936 546 3997 rnensurator
565 3921 674 3996 Fabr.
697 3922 793 4022 Syst.
817 3945 899 4023 pag.
917 3931 1008 4028 338,
1039 3952 1074 3998 ιι.
1093 3928 1152 4004 65.
1178 3967 1225 3986 -

382 4039 467 4116 Eut.
487 4067 521 4142 p.
543 4047 628 4128 170,
649 4069 683 4114 n.
706 4043 794 4130 1553
824 4040 967 4116 habitat
982 4042 1021 4118 in
1036 4045 1224 4168 Sacrouir..
