2726 4634
229 205 304 280 684
656 219 855 276 tancane

480 387 615 462 Notat

305 525 413 604 Ichn.
434 528 691 604 uolutatorr‘us
705 521 991 615 Walckenaeri,
1018 522 1288 618 Cederhielmi,

227 646 393 722 Fabricii
408 645 535 746 (Ich'n.
551 645 822 746 mercatorias)
842 669 952 724 verus
966 659 1025 720 est
1039 645 1288 738 Ichneumon,

226 793 298 844 nec
323 765 398 841 huc
424 781 581 871 spectat.
636 762 818 855 Schrank,
845 765 886 841 in
913 765 1060 844 Fuessl.
1089 765 1235 867 Magaz.
1257 768 1289 858 1,

227 915 266 992 p.
283 897 377 979 292,
404 915 440 964 n.
456 893 549 978 704,
577 885 751 988 conjicit,
778 884 993 960 Fabricium
1009 883 1116 963 Ichn.
1132 895 1290 990 coginu-

228 1015 371 1087 torium
383 1007 519 1082 Linnei
538 1032 625 1083 cum
647 1031 715 1082 suo
734 1005 928 1084 Ichneum.
944 1007 1181 1084 volutatorr'o
1197 1033 1291 1084 cou-

225 1129 388 1218 fudisse,
413 1129 650 1230 quodetiam
671 1128 828 1216 Panzer‚
855 1126 896 1201 in
916 1125 1117 1203 Revisione
1136 1155 1220 1231 pag.
1238 1130 1289 1207 65

227 1250 441 1337 confirmat,
475 1275 562 1324 curn
589 1248 700 1338 dicit,
728 1246 837 1324 Ichn.
867 1253 1152 1347 ruginatorium
1178 1247 1289 1324 valde

226 1368 447 1448 variabilem
467 1393 566 1460 esse,
594 1383 634 1444 et
655 1368 782 1443 forsan
801 1393 914 1442 uuam
936 1367 1139 1444 alteramve
1153 1366 1290 1443 harum

226 1489 451 1566 varietatum
469 1488 578 1565 Ichn.
601 1491 876 1567 coloratorum
896 1487 1062 1564 Fabricii
1091 1486 1289 1578 exhibere3

227 1608 292 1685 hic
309 1632 399 1710 ergo
419 1607 520 1684 foret
539 1607 646 1686 chn.
663 1615 898 1710 voginotorii
909 1608 1069 1686 varietas
1086 1608 1289 1709 segmentis
1351 1681 1352 1688 ,

228 1729 404 1805 omnibus
436 1728 763 1830 flavomarginatis.
799 1771 852 1788 -
889 1728 997 1806 chn.
1030 1731 1290 1806 volutatorius

229 1848 394 1924 Schrank
408 1847 520 1922 Boica
535 1875 571 1922 n.
586 1856 685 1926 2061
702 1863 828 1924 autem
844 1849 891 1923 ad
905 1863 1074 1926 nostrum
1088 1847 1289 1925 Boncbum

227 1993 501 2072 compressum,
530 1995 564 2042 n
580 1977 620 2058 2,
648 1968 873 2070 redigendus
887 1983 956 2046 est.
983 2011 1036 2026 -
1061 1967 1167 2044 Ickn.
1183 1971 1289 2047 volu-

227 2096 398 2168 totorius
409 2087 584 2162 Stroemii
602 2088 807 2191 respondet
825 2086 978 2166 bancho
997 2088 1181 2190 sequenti.

305 2210 414 2288 chn.
433 2215 562 2312 pictus
581 2207 776 2284 Schrankii
797 2209 939 2310 (Austr.
964 2225 1004 2287 et
1023 2210 1174 2310 Boion),
1202 2209 1289 2286 vil-

226 2329 331 2407 lersii
361 2341 401 2406 et
426 2328 607 2419 Olivieri,
634 2329 682 2404 nd
707 2332 816 2407 Ichn.
843 2331 1090 2410 rodutorium
1117 2345 1289 2404 nostrum

228 2450 420 2528 adbibitus
442 2465 512 2526 est.
566 2449 739 2539 Gmelin,
766 2450 808 2525 in
826 2450 885 2528 ed.
906 2451 1016 2527 Linn.
1039 2450 1108 2526 sub
1134 2449 1288 2526 nomine

226 2569 421 2648 Ichneum„
436 2575 533 2672 picti
552 2584 628 2644 tres
650 2569 972 2674 speciesdiversas
986 2570 1122 2659 edidit,
1151 2595 1289 2672 nempe

228 2719 266 2796 p.
288 2698 408 2779 2677,
435 2717 471 2765 n·
494 2697 545 2767 86
572 2689 763 2788 (nostrum
786 2691 979 2769 Ichnenm.
1000 2689 1290 2790 ναᾶατοιὶιιιη),

224 2839 267 2914 p.
281 2817 395 2902 2702,
417 2837 454 2886 n.
470 2811 546 2888 305
559 2807 750 2903 (nostrum
765 2811 1106 2917 Phygudeuontem
1121 2818 1289 2889 sericon-

227 2931 346 3030 tem),·
369 2956 407 3033 p.
433 2939 554 3020 2721,
581 2931 1060 3034 n.403(10hneum0nem
1086 2931 1287 3021 minutum,

225 3049 320 3126 mihi
333 3047 433 3127 haud
447 3051 612 3154 notum).
