2776 4628
316 891 447 990 Caput
484 883 765 962 breviusculum
802 901 1072 977 transversum,
1125 887 1301 991 plurimis

238 1009 386 1114 poetice
421 1006 536 1081 solito
568 1005 792 1108 profundius
817 1023 1048 1084 excavatum.
1090 1049 1143 1065 -
1185 1012 1304 1088 Oculi

238 1131 378 1208 orales.
405 1169 458 1186 --
482 1129 685 1205 Antennce
700 1128 857 1228 graciles
879 1143 945 1202 aut
964 1127 1189 1219 mediocres,
1215 1130 1303 1206 lon-

238 1249 409 1353 gitudine
434 1247 627 1337 variabili3
658 1245 855 1320 nonnullis
874 1247 936 1322 vix
962 1245 1109 1322 dimidii
1130 1252 1302 1352 corporis

238 1367 495 1472 longitudine,
524 1367 608 1442 aliis
631 1365 710 1442 fere
731 1365 970 1468 longitudine
983 1367 1101 1442 totius
1116 1370 1299 1470 corporis.

238 1533 291 1549 -
316 1493 378 1565 De
398 1488 569 1564 antennis
595 1499 635 1564 et
654 1485 824 1590 partibus
847 1485 923 1561 oris
941 1487 1098 1564 consule
1112 1503 1239 1564 notam
1255 1491 1304 1565 ad

237 1611 288 1689 A.
317 1616 501 1712 cerinops.
531 1647 586 1668 -·
618 1607 786 1683 Thorax
818 1605 964 1706 gibbus.
1000 1649 1053 1666 --
1084 1607 1303 1688 Scutellum

237 1729 300 1805 vel
328 1709 559 1829 triangulare
589 1727 697 1831 apice
723 1726 876 1815 obtuso,
909 1725 972 1803 vel
995 1715 1301 1830 subquadratum‚

238 1848 415 1951 plurimis
436 1849 522 1951 plus
546 1847 670 1921 minus
689 1871 898 1923 convexum
919 1861 985 1922 aut
1005 1847 1219 1949 gibbulum,
1247 1853 1300 1928 A.

237 1969 541 2072 perspicillatori
571 1967 721 2069 planius
756 1975 868 2070 quam
900 1965 1070 2069 reliquis.
1104 2008 1157 2028 --
1196 1973 1304 2048 Alce

236 2087 464 2177 mediocres,
498 2087 625 2162 areola
653 2086 769 2162 nulla.
804 2127 858 2144 ·-·
888 2087 1196 2191 Pedeselongati
1217 2115 1303 2192 gra.

238 2205 350 2295 cilcs3
378 2205 516 2308 postici
532 2207 640 2284 tarsis
655 2205 912 2282 crassioribus.
940 2246 994 2266 -·
1016 2207 1218 2289 Abdomen
1232 2233 1303 2313 pe-

236 2327 413 2402 tiolatum
440 2353 695 2431 compressum
717 2327 872 2428 longum
893 2327 1000 2404 laeve
1020 2329 1201 2418 nitidum,
1237 2355 1301 2406 su-

237 2473 354 2551 perne
381 2449 606 2538 carinatum,
640 2445 794 2522 thorace
823 2447 909 2549 plus
938 2447 1058 2548 duplo
1081 2448 1231 2549 longius
1259 2464 1300 2526 et

236 2568 308 2644 illo
341 2569 461 2644 multo
491 2566 702 2670 angustius,
749 2566 919 2644 alatere
947 2566 1067 2644 visum
1097 2567 1300 2644 altitudine
1381 2559 1382 2576 ¹

236 2688 382 2792 apicem
398 2715 527 2766 versus
544 2687 681 2763 sensim
696 2701 905 2776 crescente;
932 2687 1134 2789 segmentis
1149 2689 1298 2764 duobus

238 2809 490 2885 anterioribus
506 2807 736 2911 longissimis
751 2807 928 2884 tenuibus
943 2807 1211 2898 teretiusculis,
1240 2835 1301 2884 se-

236 2930 361 3005 cundo
390 2929 580 3005 interdum
602 2928 900 3030 subcompresso.
955 2929 1193 3031 Segmentum
1220 2929 1303 3033 pri-

236 3075 341 3124 mum
363 3049 510 3151 petiolo
537 3049 653 3150 longo
679 3047 828 3150 gmcili,
860 3045 924 3124 rix
945 3047 1061 3148 paulo
1081 3049 1301 3148 angustiore

235 3193 349 3271 quam
368 3195 453 3271 pars
475 3170 615 3259 antica,
649 3168 715 3254 sed
735 3167 855 3271 triplo
883 3180 949 3248 eut
974 3167 1187 3270 quadruplo
1214 3169 1303 3243 lon-

234 3288 360 3390 giore,
387 3289 455 3366 illa
470 3290 720 3394 subquadrata
741 3287 1046 3364 convexiuscula.
1060 3331 1113 3346 —
1127 3289 1302 3367 Aculeus

235 3423 404 3486 exsertus
427 3411 564 3486 brevis.

311 3529 519 3605 Relationis
535 3528 650 3632 hujus
664 3527 832 3603 familiae
849 3525 896 3602 ad
910 3525 1158 3617 Scolohctus,
1184 3531 1303 3604 Cam-

235 3653 414 3752 popleges
428 3664 468 3726 et
479 3651 663 3728 Paniscus
683 3675 794 3752 supra
807 3647 886 3750 jam
900 3647 1045 3722 mentio
1057 3647 1155 3722 facta
1168 3661 1301 3724 est.-

237 3768 472 3865 Quibusdam
487 3767 688 3858 Anomalis,
716 3766 938 3871 praeprimis
954 3773 1181 3857 tenuitarso,
1207 3766 1299 3841 tarsi

234 3887 376 3991 postici
403 3888 556 3992 quidem
584 3889 700 3992 paulo
737 3885 954 3990 graciliores
993 3913 1104 3989 quam
1138 3887 1297 3989 reliquis

98 4007 101 4013 “
235 4022 341 4100 sunt,
369 4033 518 4111 semper
538 4022 703 4086 attamen
720 4007 921 4086 crassiores
942 4033 1055 4112 quam
1075 4011 1300 4100 Cremaseis,
