2668 4626
539 308 542 314 ·
639 275 804 335 elatrat
856 271 863 284 '

611 441 845 518 Varietaaz

278 585 310 657 1.
337 576 592 656 Prothorocis
602 575 719 658 dorso
733 595 817 656 toto
831 582 953 678 nigro.
979 575 1007 651 f.
1033 619 1086 634 -
1110 579 1258 678 Longi-

199 697 295 776 tudo
308 689 507 797 372-574
526 698 723 774 linearum.
765 699 933 774 Thorax
947 695 1064 799 niger,
1086 697 1257 800 plerum-

199 842 274 919 que
294 816 396 893 linea
416 815 512 892 inira
534 817 751 908 scutellum,
777 816 968 894 interdum
979 815 1112 893 =medio
1136 816 1257 893 inter-

198 951 325 1038 rupta,
340 937 458 1012 ,flava
511 939 615 1015 Aloe
626 937 819 1041 squamula
833 933 1033 1012 straminea
1054 952 1118 1010 aut
1134 935 1251 1013 fusca.

198 1054 320 1134 Pedes
339 1056 412 1131 rufi
433 1070 497 1132 aut
515 1054 632 1145 fulvi;
659 1055 772 1132 antici
795 1054 898 1132 coxit
927 1053 990 1130 vel
1017 1054 1096 1129 basi
1124 1055 1253 1157 nigris,

197 1176 260 1251 vel
279 1176 394 1278 nigris
413 1177 522 1278 apice
542 1175 666 1263 fulvo3
687 1175 826 1280 postici
847 1175 951 1251 tibiis
973 1177 1035 1251 vel
1055 1173 1169 1250 fulvis
1191 1175 1255 1251 vel

197 1297 406 1372 extrorsum
435 1294 724 1398 nigricantibus,
752 1296 891 1371 annulo
912 1295 1003 1370 'ante
1023 1292 1132 1368 basin
1154 1290 1252 1384 albo,

196 1413 277 1490 basi
302 1413 383 1518 ipsa
404 1441 551 1516 semper
572 1414 677 1515 nigra
698 1427 762 1488 aut
776 1411 896 1506 lusca,
937 1415 1046 1492 tarsis
1068 1411 1135 1488 vel'
1159 1413 1253 1490 totis

196 1531 436 1636 ferrugineis,
463 1534 525 1610 vel
543 1531 812 1636 nigricantibus
834 1550 900 1610 aut
918 1525 1254 1668 ¹insco'ferrugiueis

197 1653 359 1730 articulo
373 1651 496 1755 primo
509 1651 589 1729 basi
603 1647 816 1758 pallidiore.
843 1698 897 1714 -·-
906 1642 1108 1731 Cae't'era
1099 1654 1198 1729 sicut
1211 1651 1255 1728 in

196 1773 371 1878 plurimis
385 1771 534 1847 leminis
548 1773 788 1877 genuinis.

272 1891 485 1968 Nonnullae
499 1890 669 1982 feminae,
693 1891 791 1968 circa
809 1882 1068 1971 Worm'brunn
1082 1891 1255 1969 Siclers-

195 2012 340 2089 hausen
351 2027 406 2099 et
433 2037 560 2086 mense
575 2011 740 2103 Iunio
730 2040 769 2087 ru
783 2006 980 2116 Hercynio
995 2027 1141 2114 captae
1170 2037 1251 2086 me-

196 2158 283 2208 cum
295 2127 590 2206 communicatae
605 2147 707 2222 sunt3
737 2161 810 2209 una
826 2117 1084 2234 niihiprodiit
1101 2123 1136 2208 'e'
1147 2155 1251 2234 pupa

196 2249 753 2352 Pholoenaegrorsuluriotoe,
777 2239 1027 2332 dienataliil
1082 2245 1084 2252 ’
1128 2256 1139 2373 Ἰ

583 2559 859 2660 synonyma:

194 2725 302 2807 roan.
316 2727 472 2832 rufatus
486 2725 612 2802 omer.
627 2729 685 2804 aa.
703 2727 813 2806 uun.
830 2751 867 2831 p.
883 2720 1004 2827 acar,
1032 2730 1068 2804 a.
1085 2709 1250 2828 alo'oa

404 2847 620 2924 varietatem
635 2845 749 2978 hujus
763 2841 1102 2987 ερφῗίιεὶΐε’Ῑ)“ιὲοιῐῗξι’ῐ).·ι
1198 2845 1201 2852 ’

445 3153 582 3230 Notat
661 3208 664 3217 -

268 3321 439 3401 varietas
461 3325 649 3428 descripta
671 3340 800 3403 exacte
825 3325 991 3403 medium
1015 3338 1122 3404 tenet
1148 3323 1250 3403 irlter

193 3436 305 3540 hujus
322 3443 462 3544 speciei
474 3443 666 3522 indiuidua
680 3445 841 3548 genuina
856 3436 895 3523 et
908 3447 1072 3550 speciem
1089 3472 1248 3550 sequen-

193 3587 251 3636 em
262 3617 282 3650 „
298 3576 375 3640 tarn
395 3563 513 3643 sonna
528 3581 567 3643 et
581 3566 828 3670 proportione
843 3595 954 3670 quam
970 3565 1113 3644 colore.
1213 3576 1216 3592 '
