2726 4634
219 217 296 290 388
649 223 847 276 serenus
871 263 876 272 .
903 259 906 266 .

220 401 421 483 scenstein,
447 393 611 495 moly,
637 387 956 477 Siclerslrouscn,
981 385 1281 490 Heidelbergom

221 534 262 595 et
283 513 559 613 Herzbergom,
583 510 722 598 lectae,
749 508 797 584 ad
815 534 876 585 me
895 509 1132 586 transmissae
1152 527 1255 590 suut.

613 731 894 810 Varietates:

302 885 335 955 1.
362 869 512 952 Orbitis
524 870 723 946 oculorum
734 876 907 946 externis
924 870 1112 946 coloratis
1125 876 1281 947 omnino

222 1002 417 1076 extinctis.
436 1019 487 1068 m.
508 1033 560 1048 —
586 989 743 1066 Caetera
762 989 862 1064 sicut
875 987 1099 1092 inplurinais
1113 989 1280 1065 maribus

221 1115 407 1222 genuinis.
461 1109 663 1190 Abdomen
677 1110 866 1186 interdum
882 1109 1049 1211 nigrum,
1076 1110 1281 1210 segmentis

221 1247 248 1318 2
266 1253 306 1315 et
325 1247 350 1315 3
370 1231 480 1322 rufis,
506 1231 653 1305 macula
673 1229 813 1306 dorsali
836 1230 958 1331 nigra,
985 1229 1049 1307 vel
1069 1227 1187 1329 nigris
1200 1255 1283 1304 ma-

220 1359 308 1436 cula
333 1349 473 1430 dorsali
499 1363 687 1440 castanea,
720 1348 908 1425 rarissime
931 1349 1014 1425 solo
1040 1358 1282 1449 segment03

221 1500 365 1554 summa
389 1470 471 1550 basi
489 1485 675 1546 castaneo.

296 1597 427 1672 Plures
441 1615 561 1665 mares
575 1589 669 1664 mihi
690 1587 897 1664 transmissi
918 1602 1022 1678 sunt,
1049 1586 1148 1664 eirea
1177 1588 1283 1666 Vro-

223 1721 433 1801 tisloeiom,
472 1708 749 1799 Wormbrunn,
783 1709 1013 1810 Langenses,
1046 1709 1285 1799 Berolinum,

221 1839 509 1920 Honnoeerom,
542 1829 862 1920 Si'cltcrslrousen,
902 1829 1152 1921 Trentschin,
1183 1829 1285 1906 Por-

222 1984 344 2044 mom,
377 1977 446 2028 neo
473 1974 550 2025 non
576 1951 617 2024 in
649 1949 813 2049 Regione
844 1947 1131 2026 Pedemontono
1163 1963 1202 2024 et
1240 1948 1283 2024 in

222 2081 265 2160 V
262 2076 423 2179 ottynia
436 2069 540 2148 lecti.
564 2127 569 2142 .
593 2071 684 2144 Duo
704 2067 1005 2144 vratislavienses
1027 2067 1283 2144 ettrentschi-

225 2197 367 2284 nensis,
407 2190 575 2268 omnium
602 2203 690 2266 sunt
721 2188 886 2277 minimi,
928 2187 1127 2264 abdomine
1161 2188 1283 2289 nigro,

222 2313 421 2420 segmentis
455 2321 481 2391 2
515 2325 555 2386 et
580 2319 604 2388 3
637 2333 707 2410 pro
740 2323 846 2411 parte
871 2309 962 2384 rufis
988 2323 1055 2384 aut
1079 2308 1284 2396 castaneis;

220 2435 446 2538 volhynicus
472 2446 531 2508 est
561 2429 694 2504 unicus
733 2443 925 2530 segmento
959 2439 985 2508 3
1020 2427 1103 2506 solo
1137 2455 1284 2504 summa

218 2557 300 2635 basi
326 2569 512 2632 castaneo.

298 2805 335 2879 2.
360 2791 579 2874 Abdomine
590 2795 724 2890 nigro,
747 2796 951 2892 segmentis
968 2795 1079 2894 apice
1089 2786 1225 2884 flavis.
1253 2789 1281 2866 l.

219 2959 270 2978 -··
301 2911 523 3014 Lougituclo
558 2903 623 3014 473
658 2911 856 2988 linearum.
923 2910 1139 2990 Scutellum
1172 2910 1284 3012 spina

217 3035 455 3113 distinctione
469 3059 581 3134 quam
599 3033 639 3106 in
652 3032 803 3108 leminis
818 3032 1009 3133 genuinis,
1024 3031 1140 3109 fulva.
1195 3031 1281 3110 At-

218 3157 356 3236 domen
382 3154 498 3256 paulo
526 3151 676 3228 brevius
703 3177 815 3253 quam
843 3152 884 3228 in
908 3153 1059 3230 feminis
1085 3153 1280 3253 genuinis;

217 3287 412 3374 segmento
430 3282 449 3351 1
466 3271 591 3374 nigro,
618 3271 728 3372 apice
741 3271 857 3360 flav0;
882 3272 1002 3352 thasi
1017 3272 1121 3373 nigra
1136 3289 1281 3374 puncto
1352 3299 1353 3316 ²

216 3392 343 3468 medio
365 3390 468 3482 rulo,
495 3392 603 3494 apice
622 3392 736 3480 flav03
764 3393 926 3483 suavo,
960 3392 1041 3468 basi
1061 3391 1184 3491 nigra;
1222 3418 1282 3467 se-

210 3511 421 3614 ¹quentilsus
456 3510 589 3614 nigris,
631 3511 779 3586 maoula
814 3511 1011 3612 marginali
1040 3512 1280 3586 transversali

216 3633 324 3710 flava.
338 3677 390 3690 -
403 3634 562 3708 Caetera
577 3631 677 3706 siout
692 3632 734 3706 in
746 3630 952 3708 individuis
972 3629 1280 3730 variegatissimis

214 3752 438 3828 feminarum
462 3753 721 3854 genuinarum.

291 3871 447 3961 Nescio,
476 3870 541 3945 ubi
560 3871 601 3946 in
621 3871 833 3948 Germania
852 3871 1007 3946 unicum
1025 3869 1139 3971 hujus
1158 3871 1281 3948 varie-

212 3991 302 4068 tatis
323 3990 558 4069 individuum
580 4017 686 4068 meae
707 3992 947 4069 collectionis
973 4005 1114 4068 natum.
1128 4007 1198 4066 est.
1254 4061 1258 4068 .
