2764 4628
736 155 762 220 1.
791 165 818 223 5·

414 465 477 558 2⁷2
511 451 631 536 tenu.
675 451 726 520 ne
747 450 846 521 cort
869 462 893 520 c
917 414 1059 546 sung
1074 467 1126 534 ιω

444 621 588 691 Pedibus
601 617 720 706 fulvis3
742 621 842 705 lucie,
864 623 996 712 punctis
1011 623 1167 714 thoracis,
1190 630 1310 722 apice·

444 747 509 814 que
530 722 733 811 abdominis,
757 722 890 796 albidis.

318 929 541 1034 Longitndo
566 937 591 1011 9
619 928 818 1008 linearum.
872 933 1004 1037 Caput
1028 931 1127 1012 facie
1154 936 1307 1016 albido-

240 1055 477 1131 flavesccnte.
528 1051 734 1130 Antennae
757 1050 838 1128 lere
859 1048 1099 1155 longitudine
1117 1061 1302 1161 corporis,

238 1189 453 1278 porrectae,
480 1171 522 1248 in
534 1171 661 1249 medio
681 1169 851 1248 articulis
864 1187 1010 1274 septem
1029 1175 1151 1252 tribus
1170 1177 1304 1256 lateri-

236 1295 307 1372 bus
321 1291 547 1372 flavo-albis.
583 1292 752 1370 Tltorooe
764 1290 916 1394 punctis
936 1292 1057 1368 tribus
1078 1294 1302 1376 lateralibus

238 1412 609 1518 scutelloqneflavis.
661 1415 766 1492 Alce
793 1410 1144 1514 inmoto-hyalinae
1172 1421 1300 1495 nervis

237 1533 365 1635 nigris.
420 1534 542 1614 Pedes
560 1531 803 1624 flavo-sulvi3
836 1533 941 1610 coxis
968 1533 1219 1613 anterioribus
1239 1539 1300 1614 ni-

235 1652 463 1756 gro-variis,
497 1652 654 1756 posticis
679 1652 771 1729 totis
798 1652 926 1754 nigris.
978 1651 1182 1734 Abdomen
1207 1659 1298 1734 sub·

234 1775 471 1876 depressum,
503 1772 671 1874 oblongo
689 1788 874 1850 -ovatum
891 1771 1133 1874 petiolatum,
1168 1780 1297 1882 capite

231 1893 463 1996 thoraceque
487 1892 604 1996 paulo
629 1891 797 1995 longius,
837 1905 981 1995 puncto
1005 1911 1124 1996 parvo
1156 1899 1294 2002 apicali

229 2015 439 2210 flav(borao
465 2129 569 2236 degit
591 2129 760 2212 solitaria
784 2127 825 2209 in
843 2129 959 2213 larvis
986 2133 1196 2243 Bombycis
1222 2138 1267 2220 V
1263 2144 1294 2218 ἰ-

230 2255 356 2333 onice.

304 2457 412 2540 chn.
434 2460 586 2564 Degeer
605 2459 641 2550 I',
667 2483 706 2562 p.
723 2465 799 2542 332
813 2470 853 2536 et
865 2459 959 2552 580,
985 2458 1061 2537 tab.
1076 2470 1128 2545 25
1141 2463 1204 2567 fig.
1226 2471 1287 2545 16.

427 2699 567 2776 Not'at

300 2858 394 2934 lletz
413 2882 498 2961 pag.
524 2862 590 2945 68,
625 2883 662 2932 n.
684 2861 762 2934 267
783 2852 1007 2958 interrogat,
1041 2883 1089 2935 an
1110 2855 1174 2934 hic
1200 2855 1289 2934 Ich·

224 3001 390 3056 neumon
415 2975 544 3054 forsan
569 2999 647 3051 mas
677 2973 726 3050 sit
753 2973 1021 3053 Ichneumonis
1047 2977 1213 3080 Degeeri
1237 2979 1286 3068 II,

223 3121 261 3200 p.
291 3099 383 3188 845,
417 3095 484 3199 qui
505 3119 596 3172 vero
616 3093 706 3170 satis
728 3092 858 3170 differt
875 3109 915 3170 et
932 3093 980 3170 ad
1000 3111 1165 3173 nostram
1185 3097 1288 3172 Pint-

220 3215 324 3321 plam
344 3216 601 3318 instigatorem
622 3211 814 3290 adhibitus
835 3228 903 3292 est
925 3257 978 3272 -
1002 3215 1112 3295 chn.
1127 3233 1287 3297 saturo-

219 3342 364 3426 torins,
381 3335 444 3442 ¹ad
466 3360 579 3439 quem
602 3333 787 3425 Linneus,
821 3331 930 3410 Rossi
950 3349 989 3410 et
1011 3333 1161 3413 Olivier
1180 3336 1285 3415 hunc

217 3452 384 3558 Degeeri
413 3453 710 3534 Ichneumonem
738 3452 926 3548 referunt,
974 3453 1067 3532 satia
1091 3451 1285 3562 discrepat

218 3573 265 3650 ab
285 3601 345 3654 eo.
