2706 4640
212 165 288 245 906
689 163 747 232 lv.
779 177 803 232 r.

212 349 320 428 chn.
340 347 594 450 boemotopuc
614 343 779 422 Scbrnnl
798 342 874 422 iter
887 343 1017 424 bavar.
1043 373 1085 450 p.
1108 355 1210 426 260.
1240 391 1289 406 -

375 500 379 508 ·
419 467 533 544 Boion
564 495 603 542 n.
636 467 739 546 2057
746 495 757 554 3
793 463 949 546 habitat
983 468 1086 544 circa
1120 469 1289 544 Porsen-

422 585 539 666 hosen
565 601 605 666 et
629 585 850 688 Ingolstcdt.

262 763 287 800 „
339 708 466 786 Gmel.
484 707 541 787 ed.
558 706 668 786 Linn.
685 730 723 809 p.
739 715 852 798 2677,
865 734 903 784 n.
917 711 980 796 ol,
1001 706 1096 806 (nec
1110 733 1155 810 p.
1170 711 1289 796 2705,

423 857 460 903 n.
496 836 589 916 330,
623 825 690 931 qui
721 827 867 932 Alysiu
899 825 1173 908 manducator
1208 857 1289 906 esse

421 946 604 1048 videtur).

463 1188 602 1263 Notat

290 1323 392 1401 Haec
416 1323 578 1430 species,'
606 1347 703 1430 quae
727 1322 768 1399 in
792 1325 1001 1428 systemate
1028 1323 1284 1402 Gmelinicno

213 1439 254 1520 in
274 1445 481 1522 sectionem
498 1443 812 1536 Ichneumonum,
840 1444 1005 1522 scutello
1028 1461 1069 1522 et
1096 1461 1284 1524 antenna-

212 1547 296 1642 rum
309 1567 450 1643 nnnulo
470 1565 577 1658 albis,
598 1565 797 1656 deerravit,
817 1563 1000 1642 Buncbus
1013 1593 1098 1642 esse
1111 1567 1280 1642 videtur.

212 1687 296 1762 Nisi
329 1687 493 1762 Schrcnk
525 1713 634 1762 sexus
667 1684 778 1761 ambo
810 1683 893 1788 ejus
926 1685 1102 1777 vidisset,
1137 1715 1280 1764 marem

212 1833 284 1910 pro
312 1811 462 1911 Grypto
487 1811 652 1912 porculo
676 1821 745 1886 aut
765 1831 837 1910 pro
858 1809 1054 1886 Ecetorte
1074 1810 1282 1888 clavatone

211 1925 399 2006 haberem.
1319 1985 1320 2074 1

346 2344 418 2412 149.
460 2334 488 2402 1.
508 2334 940 2405 xnurnoonsrmos.
984 2299 1149 2406 somn.

410 2479 530 2596 Niger,
552 2517 667 2575 ventre
684 2507 756 2574 husi
777 2507 879 2591 ssavo,
901 2507 1042 2598 pedibus
1063 2507 1158 2592 rufis,
1183 2511 1274 2576 coxis
1320 2551 1322 2596 ς

410 2609 651 2697 posterioribus
673 2607 911 2680 canaliculato.
953 2608 980 2680 s.
1321 2607 1322 2610 ¹

153 2797 157 2810 '
289 2793 511 2875 simillimus
537 2800 644 2879 Ichn.
667 2803 917 2905 ventriscrcr'o
943 2801 1113 2901 (nostrae
1142 2801 1273 2880 Lisso-

210 2933 325 2996 notoe
337 2918 572 3019 hortorum),
588 2921 654 2998 sed
668 2924 802 3002 minor.
829 2923 1051 3025 Longitudo
1064 2915 1132 3017 27,
1152 2921 1271 3000 linea·

151 3067 153 3074 ·
210 3065 304 3116 rum.
358 3043 561 3119 Antennoe
574 3042 705 3120 subtus
719 3043 858 3119 fuscae.
912 3041 1035 3122 Pedes
1048 3041 1137 3131 rufi,
1167 3043 1268 3118 coxis

209 3160 483 3265 posterioribus
532 3177 687 3238 externe
738 3162 951 3238 canaliculo
1000 3159 1269 3262 longitudincli

122 3325 124 3332 ·
209 3279 439 3359 obscuriore.
491 3283 663 3361 Aculeus
682 3305 842 3385 corpore
860 3281 977 3387 puolo
996 3281 1161 3384 longior.

284 3519 393 3600 John.
406 3517 733 3624 xantbogostriur
754 3520 920 3598 Schrenln
940 3519 1071 3614 Boion,
1098 3550 1136 3600 n.
1153 3533 1265 3606 2099.
