2744 4628
130 229 132 234 ,
217 189 294 262 720
370 203 541 258 cruror
566 203 667 257 ran.
697 187 755 257 vt.
784 203 1127 262 runen-rnorus.

216 384 409 461 truncatu,
437 379 463 448 2
488 369 724 446 subcultrato
750 370 1111 473 compressiuscu10,
1144 397 1285 475 parum
1370 361 1371 364 ¹

216 491 364 581 latiori,
393 490 658 594 Scylindrico,
686 490 793 594 apice
807 491 983 593 oblique,
1011 497 1036 572 4
1056 507 1096 568 et
1115 494 1140 571 5
1162 493 1284 596 magis

218 611 426 712 contiguis,
468 617 492 691 4
525 610 753 712 cylindrico,
793 611 874 686 basi
907 627 1034 687 tamen
1072 627 1284 703 attenuata,

218 735 243 811 5
285 731 450 834 denique
497 730 747 834 praecedente
793 731 970 834 abrupte,
1024 732 1089 808 sed
1134 757 1283 833 parum,

216 851 400 940 tenuiori,
430 850 711 952 subcylindrico
738 850 894 943 obtuso,
922 851 962 927 in
988 853 1115 928 medio
1142 852 1286 929 leniter

217 985 438 1061 extenuato,
466 957 577 1071 apice
602 985 642 1046 et
668 969 746 1045 basi
773 973 945 1050 crassitie
971 972 1212 1076 aequalibus,
1241 973 1285 1049 in

217 1089 314 1168 vivis
334 1105 460 1166 autem
485 1114 562 1164 non
589 1089 683 1165 adeo
713 1106 926 1183 attenuato,
954 1094 1019 1169 sed
1047 1093 1127 1170 lere
1155 1093 1286 1195 cylin-

218 1209 342 1299 dric03
373 1209 471 1284 ratio
498 1208 748 1312 longitudinis
781 1213 832 1313 7,
873 1210 921 1308 Ἃ.
955 1247 987 1289 4.
1014 1255 1068 1272 -
1092 1211 1285 1290 ludium:

216 1334 395 1410 Mantum
422 1355 618 1420 corneum,
645 1331 984 1434 'subrectangulum
1009 1332 1285 1436 compressius-

217 1453 347 1528 culum
367 1451 476 1527 laeve
494 1477 702 1528 convexum
724 1448 949 1553 pubescens,
978 1451 1086 1553 apice
1099 1453 1286 1528 rotunda-

216 1587 314 1662 tum,
340 1572 402 1648 vix
421 1584 546 1647 autem
564 1572 634 1646 sub
656 1571 779 1676 pulpis
806 1571 1099 1660 denticulatum3
1125 1572 1284 1674 Lingua

217 1693 375 1768 dimidio
397 1707 524 1766 mento
545 1687 697 1768 brevior
716 1707 754 1767 at
769 1689 916 1767 dimidii
930 1691 1049 1766 menti
1064 1691 1282 1782 latitudine,
1370 1757 1371 1788 ᾗ

215 1813 495 1890 membranacea
536 1813 757 1904 ascendens,
803 1813 880 1888 late
919 1811 1089 1902 cordata,
1128 1811 1283 1887 laciniis

217 1934 354 2037 amplis
378 1931 605 2023 rotundatis,
634 1957 711 2008 non
737 1931 895 2024 ciliatis,
921 1931 1071 2008 modice
1090 1931 1279 2010 decurris.

215 2054 321 2128 Rima
356 2054 511 2130 fissurae
539 2053 654 2155 paulo
681 2053 795 2129 altius
822 2051 1018 2130 descendit
1044 2067 1147 2128 recta
1174 2051 1281 2128 linea

214 2173 365 2250 laciniis
391 2173 445 2249 ita
474 2172 662 2274 contiguis
690 2188 733 2250 ut
760 2200 862 2249 mere
889 2171 1128 2249 cordilormis
1148 2171 1281 2274 lingua

216 2309 405 2397 appareat.
427 2335 479 2352 -·
505 2294 622 2397 Polpi
635 2290 797 2373 lodiules
812 2294 941 2394 lingua
956 2292 1043 2395 plus
1059 2291 1177 2394 duplo
1191 2291 1280 2368 lon-

215 2415 355 2516 giores,
383 2411 530 2492 incurvi
554 2415 751 2491 fililormes
773 2413 865 2488 hirti
889 2429 928 2489 et
953 2411 1071 2512 (eheu
1091 2413 1278 2488 dracones

214 2536 364 2633 meost)
388 2534 650 2626 triarticulati3
678 2533 839 2609 articulo
868 2533 1067 2612 tolerato
1088 2547 1276 2622 truncato,

214 2655 494 2758 teylindricO,
522 2657 638 2761 paulo
667 2655 842 2730 crassiori
868 2667 907 2730 ct
932 2651 1097 2728 breviori
1127 2651 1277 2754 (potius

215 2777 688 2878 ovato-subcompresso),
723 2785 746 2854 3
780 2775 946 2876 oblongo
980 2773 1133 2860 obtuso,
1167 2770 1278 2847 basin

213 2921 342 2972 versus
358 2896 636 2996 subaugustato,
646 2897 809 3000 primum
826 2894 1063 2998 longitudine
1076 2907 1276 2994 aequante.

289 3099 493 3176 varietatis
508 3099 664 3180 thorace
678 3117 761 3177 toto
783 3101 891 3204 nigro
912 3125 1007 3190 mas,
1036 3096 1278 3198 longitudine

212 3218 292 3296 fere
320 3221 567 3311 llinearum,
597 3222 665 3297 sub
692 3223 845 3300 nomine
870 3221 1056 3298 Aromata·
1083 3223 1279 3296 cruentati

214 3339 385 3429 Panzeri,
427 3367 575 3417 mecum
608 3343 906 3418 communicatus
940 3355 1008 3417 est.
1091 3338 1276 3437 Quamvis

213 3475 339 3536 autern
373 3457 447 3536 hoc
479 3461 633 3537 Panzeri
674 3463 902 3551 Anomalon,
939 3460 979 3536 in
1012 3459 1164 3536 Faunae
1197 3461 1273 3534 Ins.

214 3581 343 3656 Germ.
384 3581 473 3658 fasc.
514 3587 581 3670 94,
621 3583 696 3657 tab.
736 3585 782 3660 15
822 3581 983 3670 editum,
1025 3606 1112 3656 cum
1144 3593 1276 3654 nostro

215 3699 394 3802 Ophione
408 3701 540 3778 intime
553 3718 753 3806 cognatum
769 3703 834 3794 sit,
861 3717 987 3778 tamen
1002 3701 1136 3778 aculeo
1150 3699 1276 3778 multo

212 3819 385 3924 longiore
399 3821 540 3900 differt.

573 4051 921 4072 w
1014 4057 1017 4064 =
