2770 4630
288 209 391 262 rau.
420 193 455 275 Ι,
481 207 597 262 secr.
627 211 676 263 nr.
705 211 982 263 anmrornnx.
1088 197 1163 270 609

99 376 208 454 coxis
231 373 313 452 basi
343 372 478 478 nigrim
510 376 650 479 postici
677 373 781 452 coxis
802 390 842 454 et
859 375 1162 455 trochunteribus

99 496 237 600 nigris,
277 494 486 572 femoribus
511 497 602 573 rufis
629 511 696 572 aut
728 497 926 587 castaneis,
973 497 1161 602 geniculo,

96 618 220 692 rarius
244 641 397 718 quoque
420 613 520 704 basi,
548 615 835 718 nigricantibus,
861 615 966 692 tibiis
987 618 1077 694 rufis
1096 635 1164 696 aut

96 735 576 828 testacea-flavicentibus,
601 736 683 813 basi
697 735 882 839 apiceque
900 735 1026 839 nigris,
1052 738 1162 816 tarsis

95 857 234 945 fuscis,
260 855 423 932 articulo
446 863 466 934 1
490 855 572 932 basi
592 856 817 959 plerumque
836 857 1084 936 subtestaceo.
1110 897 1163 920 -··

98 978 261 1052 Caetera
281 975 382 1051 sicut
400 973 442 1051 in
467 974 643 1079 plurimis
663 976 827 1054 maribus
846 976 1032 1078 genuinis.

110 1149 115 1154 -
178 1095 372 1172 Nonnulla
403 1095 499 1198 legi·
514 1095 709 1176 individua
745 1096 1019 1188 infruticans,
1062 1095 1163 1174 circa

101 1213 694 1307 WarmhrunnetScheidnicls,
719 1217 909 1296 mensibus
926 1213 1044 1307 Iunii,
1071 1215 1162 1304 Iulii

98 1350 143 1416 et
158 1335 331 1438 Augusti.

114 1637 117 1648 .
179 1583 215 1656 4.
242 1575 470 1656 Femoribas
497 1575 755 1656 anterioribus
777 1583 871 1656 totis
900 1576 1009 1678 rufis.
1035 1603 1084 1654 m.
1112 1621 1164 1638 ·-
1296 1555 1303 1564 ⁵

100 1693 327 1795 Longitudo
355 1699 525 1795 8-372
557 1697 754 1774 linearum.
815 1703 945 1801 Caput
968 1699 1092 1804 pulpis
1125 1713 1164 1775 et

101 1816 332 1893 mandibulis
365 1819 592 1920 plerumque
622 1815 738 1894 fulvis
773 1833 839 1896 aut
865 1819 983 1896 flavis.
1043 1819 1165 1898 Pedes

103 1935 311 2013 anteriores
337 1937 570 2026 ruso-fulvi,
595 1937 699 2013 coxis
721 1940 962 2043 plerumque,
988 1937 1166 2014 trochan·

101 2054 254 2132 teribus.
276 2057 415 2148 rarius,
455 2055 591 2159 nigris3
635 2059 775 2161 postici
802 2062 902 2136 sicut
930 2060 972 2135 in
1001 2057 1165 2136 maribus

103 2176 298 2276 genuinis,
331 2176 538 2254 semoribus
566 2176 755 2256 interdum
781 2177 930 2256 interne
954 2176 1087 2254 bediis.
1115 2219 1168 2238 -

104 2299 272 2374 Caetera
292 2297 496 2375 individuis
510 2295 683 2398 genuinis
702 2296 878 2400 plurimis
893 2297 1136 2400 respondent.

181 2419 307 2492 Unum
333 2443 492 2509 marem,
527 2443 693 2519 eumque
716 2442 783 2494 ore
808 2432 907 2508 toto,
949 2417 1055 2494 coxis
1087 2432 1167 2492 tro-

105 2531 424 2638 chauteribusque
447 2537 716 2627 anterioribus,
752 2536 887 2638 nigris,
927 2535 1015 2638 cepi
1038 2561 1167 2614 mense
1284 2599 1286 2604 .

104 2654 281 2754 Augusti,
314 2681 436 2758 prope
462 2656 681 2746 caducam,
720 2654 762 2731 in
787 2655 1015 2734 umbellatis.
1079 2653 1168 2744 Alii,

106 2771 207 2850 circa
233 2775 495 2855 Warmbrunn
522 2791 562 2853 et
580 2775 736 2857 Aboam
756 2774 866 2867 lecti,
893 2801 1042 2854 mecum
1066 2799 1170 2856 com·

106 2893 291 2972 manicati
313 2910 412 2972 sunt.
491 2967 494 2972 .

186 3135 222 3213 5.
249 3133 475 3216 Femoribas
500 3135 618 3237 rufis,
642 3139 803 3242 posticis
828 3131 937 3214 basin
963 3159 1092 3214 versus
1115 3139 1172 3210 ni·

105 3259 202 3353 gris.
234 3281 284 3329 m.
303 3255 331 3332 f.
358 3299 412 3316 -
435 3233 829 3359 tangendos-2572
847 3255 1046 3332 linearum.
1097 3255 1174 3332 Fe·

111 3399 224 3450 mora
244 3374 344 3468 rufa,
371 3379 519 3480 postica
540 3376 649 3453 basin
669 3402 800 3454 versus
819 3375 941 3477 nigra,
967 3372 1091 3452 media
1114 3372 1173 3447 in-

109 3492 261 3570 terdum
282 3520 394 3598 supra
416 3498 496 3574 basi
519 3497 766 3574 lassescente·
819 3495 956 3574 Tibiae
976 3493 1083 3570 rafae
1109 3506 1175 3568 aut

110 3613 345 3706 fluvitantes,
379 3615 549 3717 posticae
577 3614 686 3718 apice
712 3628 753 3690 et
779 3639 923 3690 summa
951 3613 1032 3693 basi
1058 3610 1176 3714 nigri·
1253 3692 1258 3702 ,

111 3733 304 3827 cantibus,
336 3733 464 3810 medio
491 3734 681 3812 interdum
705 3732 894 3811 exalbido.
928 3737 980 3828 ,έ-
1019 3734 1178 3810 Caetera

110 3852 260 3931 variant
281 3870 323 3931 ut
342 3853 383 3928 in
410 3854 537 3956 specie
566 3854 746 3957 genuina3
779 3867 974 3954 segmento
1002 3856 1027 3934 5
1053 3868 1180 3931 wmen

113 3995 265 4075 semper
288 3987 372 4048 toto
392 3973 514 4075 nigro.

178 4107 263 4162 Ichn-
275 4108 386 4178 Europ.
403 4111 473 4164 Pars
495 4107 552 4162 111.
874 4097 921 4169 39
