2706 4640
206 125 209 133 Ι
237 177 316 257 976
713 183 772 252 lv.
801 195 828 252 1.

238 363 347 443 lehn.
369 362 640 465 vagotorVill.
660 389 698 468 p.
718 371 810 455 186,
836 389 874 441 n.
896 373 987 456 1603
1013 389 1141 494 prope
1152 365 1333 468 Lugdu-

445 511 539 562 uum
558 483 659 561 haud
678 507 796 562 rarus.

288 658 312 694 ,‚
366 603 658 706 chrismario.

289 777 312 813 „
367 723 467 800 Oliv.
484 751 522 828 p.
537 729 632 815 214,
660 750 696 800 ιι.
712 731 774 802 39.

484 1061 556 1130 134.
598 1053 626 1122 l.
647 1053 933 1122 FLdVlFllONS.
978 1055 1141 1122 Schrauk.

439 1225 559 1391 Niger,
607 1224 760 1392 ansteuuis
805 1223 920 1294 subtus
961 1224 1111 1316 pallidis,
1166 1228 1315 1317 pedibus

437 1351 476 1392 ru
503 1352 530 1394 s.
573 1351 617 1392 m.
656 1373 666 1393 .

314 1517 534 1618 Longitudo
549 1528 572 1598 6
586 1519 783 1594 linearum.
838 1521 967 1622 Caput
978 1515 1075 1594 facie
1096 1531 1137 1592 et
1158 1543 1233 1594 ore
1250 1519 1312 1593 lla-
1332 1587 1333 1624 3

236 1637 294 1716 vis
330 1638 546 1734 (interdum
579 1637 711 1739 nigris3
745 1637 910 1714 Schranli
944 1637 985 1712 in
1008 1637 1137 1712 Fuesl.
1169 1638 1308 1740 Mag).

236 1763 439 1839 Antennue
453 1783 612 1860 corpore
628 1759 742 1862 paulo
757 1757 967 1848 breviores,
994 1759 1127 1832 subtus
1143 1758 1309 1859 ferrugi-
1332 1819 1333 1822 ,

237 1905 341 1954 neae.
394 1879 498 1956 Aloe
520 1879 693 1980 stigmate
714 1879 840 1980 nigro,
867 1892 1009 1982 puncto
1024 1877 1124 1952 albo,
1184 1879 1307 1955 Pedes
1332 1923 1333 1926 ι

236 1999 308 2074 ruli
323 2011 388 2072 aut
399 1995 507 2073 solvi.
546 1995 747 2076 Addomen
762 1998 842 2076 lere
857 1998 999 2075 sessile.
1032 1999 1214 2077 Aculeus
1226 1999 1303 2074 lon·
1332 2037 1333 2074 ς

236 2117 407 2222 gitudine
432 2115 492 2214 ¹7⁵
512 2115 715 2208 linearum,
742 2117 887 2220 vaginis
908 2116 1040 2194 crassis
1064 2120 1304 2196 tomentosis
1332 2129 1333 2210 l

236 2261 291 2297 -’
314 2236 470 2313 Femina
486 2235 582 2311 nihil
597 2264 618 2318 a
632 2265 734 2315 mare
748 2238 905 2327 diversa,
925 2237 998 2315 nisi
1013 2239 1115 2342 quod
1128 2241 1305 2318 aculeum
1332 2223 1333 2278 l

237 2357 374 2434 habeat
387 2371 426 2433 et
438 2355 637 2433 abdomine
652 2355 700 2433 sit
714 2359 830 2462 paulo
844 2358 984 2436 latiori.

240 2547 346 2625 lehn.
358 2543 576 2646 flunisrons
595 2544 697 2623 Schr.
713 2549 836 2624 Austr.
861 2575 896 2623 n.
913 2555 1006 2634 7313
1034 2547 1126 2622 etin
1144 2549 1301 2650 Fuessly

449 2665 548 2766 Mag.
565 2669 592 2753 Ι,
621 2693 657 2768 p.
667 2673 761 2754 aad,
784 2695 819 2743 n.
835 2675 928 2757 7313
955 2665 1109 2744 habitat
1123 2666 1299 2772 frequens

448 2784 487 2859 in
503 2785 615 2860 larvis
629 2786 879 2890 papilionum.

287 2961 310 2998 ‚,
362 2903 455 2983 Vill.
484 2931 565 3008 pag.
597 2913 688 2995 182,
723 2935 758 2982 u.
792 2911 883 2994 144;
922 2901 1077 2984 habitat
1107 2907 1150 2984 in
1177 2907 1296 2985 Gallia

449 3023 616 3101 australi.

146 3209 158 3226 .
242 3195 245 3204 ,
289 3199 311 3238 „
364 3143 491 3221 Gmel.
508 3144 566 3221 ed.
585 3145 694 3220 Linn.
711 3171 749 3248 p.
766 3153 880 3237 2697,
906 3173 942 3222 ιι.
962 3152 1049 3228 168.

491 3350 626 3426 Nota:

309 3485 473 3562 Schranl
488 3488 533 3562 ad
548 3485 644 3564 hane
659 3487 824 3590 speeiem
842 3487 1015 3566 adhibuit
1028 3485 1176 3566 Geoffr.
1194 3487 1281 3566 leli.
1332 3475 1333 3566 l

240 3616 365 3696 n.10‚
394 3634 431 3710 p.
456 3617 548 3697 326,
577 3607 642 3711 qui
670 3621 793 3684 autem
822 3609 944 3685 multo
970 3608 1095 3684 minor
1115 3620 1184 3686 est.
1236 3611 1285 3684 De

237 3725 312 3800 hoe
334 3725 439 3802 lchn.
465 3715 654 3804 Geollnoii
683 3727 1064 3831 conferatur'species
1084 3729 1284 3831 insequens.

315 3847 375 3920 Ob
390 3847 575 3924 abdomen
586 3849 667 3924 lere
682 3845 813 3924 sessile
827 3863 867 3923 et
876 3847 1069 3936 aculeum,
1099 3849 1160 3948 175
1181 3847 1285 3924 lineas

236 3965 409 4071 longum,
436 3967 580 4073 vaginis
608 3967 740 4047 crassis
768 3964 1010 4059 tomentum,
1037 3965 1130 4042 haee
1155 3965 1285 4068 speeies
1332 4049 1333 4052 Ἴ
