2724 4630
384 259 481 310 rent.
513 245 600 310 VIII.
631 261 810 318 nutssn.
1047 251 1123 326 279

85 423 176 504 [cin.
196 419 380 528 superbus
400 423 527 504 Gmel.
543 425 600 503 ed.
619 425 728 506 Linn.
744 453 784 532 p.
796 435 916 519 2683,
943 457 979 508 ιι.
999 438 1083 512 108.

123 601 145 633 ,,
193 543 669 628 &numennumen

84 663 176 742 Iebn
194 670 383 752 eitmrius
412 663 560 746 Olivice
584 693 623 772 p.
647 675 738 758 176,
765 695 802 744 ιι.
825 675 892 758 61;
923 668 1123 770 longitudo

276 792 392 864 7-9
423 784 629 883 1ἱιιιιιιιιιιιιςι
666 785 812 866 habitas
842 786 884 867 in
915 787 1050 868 Gallio
1084 805 1123 868 et

277 903 498 984 Germania.

81 1022 174 1101 lehn.
187 1029 356 1104 cttratus
366 1027 620 1108 waldenses
633 1053 671 1132 p.
687 1029 755 1122 55,
781 1053 820 1104 ιι.
834 1030 896 1108 64.

81 1145 171 1222 chn
191 1145 310 1224 teste
324 1171 362 1248 p.
378 1147 445 1238 58,
473 1175 509 1222 ιι.
530 1150 603 1228 156
616 1145 659 1238 b,
685 1174 772 1225 cum
790 1145 911 1226 icone.
967 1145 1123 1246 (Errant

118 1336 121 1348 .
274 1265 429 1346 Gmelin
442 1283 482 1344 ct
498 1266 662 1359 Olivier,
689 1267 754 1370 qui
770 1267 870 1346 huuc
884 1266 1017 1344 Leskei
1033 1267 1120 1342 Ich-

276 1411 511 1490 neumonem,
535 1387 632 1464 bene
650 1387 890 1484 distinctum,
917 1413 987 1494 pro
1002 1385 1123 1468 verie-

272 1519 350 1588 tate
367 1515 604 1610 persuasorii
623 1505 880 1614 receperunt).
900 1609 903 1615 Ι

315 1815 454 1893 Notas

142 1983 305 2062 Schrank
325 1987 366 2062 in
386 1985 515 2064 Fauna
535 1985 666 2078 Boica,
694 1987 721 2064 l.
738 2013 791 2078 c.,
818 1983 947 2062 iaudat
966 1985 1011 2061 ad
1025 1985 1122 2063 hanc

78 2105 228 2201 speeiem
243 2103 447 2186 Schaefferi
461 2109 563 2184 Icon.
579 2107 655 2186 tab.
675 2115 736 2198 81,
751 2109 812 2210 fig.
831 2111 866 2196 4,
886 2131 981 2210 quae
995 2122 1121 2184 autem

78 2221 116 2294 ad
142 2225 303 2328 speciem
329 2242 548 2331 sequentem
574 2243 730 2330 spectat.
764 2269 816 2287 --
848 2226 951 2302 Idem
978 2242 1119 2316 auctor,

76 2338 107 2414 in
119 2343 237 2420 Fauno
251 2348 374 2427 Austr.
390 2375 461 2424 nec
476 2373 552 2424 non
566 2347 715 2432 Olivier
730 2361 769 2426 et
783 2347 1046 2436 Walcltenaer,
1073 2345 1120 2422 nd

75 2459 160 2538 hanc
191 2465 376 2569 Pimplam
407 2467 588 2546 adhibent
618 2467 914 2548 Ichneumoncm
946 2465 1124 2544 Geoffroi·

74 2607 106 2682 p.
120 2587 207 2674 336,
234 2613 271 2664 n.
287 2595 353 2677 32,
381 2613 448 2664 seu
467 2589 574 2668 chn.
590 2595 775 2670 eitratum
790 2589 965 2678 Fourcr.,
991 2613 1120 2664 macu-

74 2701 114 2776 lis
127 2705 227 2780 flavis
241 2705 462 2790 lateralibus
478 2707 689 2786 abdominis
704 2707 860 2812 quidem
873 2705 963 2786 huic
977 2706 1119 2811 speciei

71 2825 362 2925 respondentem,
395 2829 555 2934 reliquis
582 2843 708 2906 autern
735 2827 824 2906 satis
851 2825 1117 2915 discedentem,

73 2971 145 3020 nam
166 2963 298 3026 auctor
314 2948 547 3054 picturarum
566 2947 731 3030 thoracis
748 2947 960 3052 capitisque
974 2945 1119 3022 nullam

72 3059 151 3138 iacit
164 3067 392 3144 mentionem
419 3083 458 3149 et
485 3068 664 3152 describit
683 3068 978 3152 ichneumoncm
997 3065 1119 3168 longi-

72 3186 186 3264 tudine
207 3190 495 3286 6¹l21inearum,
523 3191 593 3268 slis
615 3186 886 3294 nigricantibus
909 3202 981 3264 etc.
1006 3213 1132 3290 quem-

71 3329 130 3406 pro
147 3334 235 3386 sero
255 3305 511 3392 Ichneumone
536 3307 729 3400 haberem,
759 3307 830 3386 nisi
852 3322 985 3388 auctor
1005 3307 1118 3390 adde-

72 3441 132 3517 ret,
156 3444 390 3532 segmentum
409 3431 574 3533 primum
595 3429 711 3506 solito
737 3428 862 3509 minus
886 3443 1118 3508 coarctatum

72 3569 149 3624 esse.
195 3591 249 3606 -
295 3549 495 3629 Boterdum
541 3549 778 3658 quadratum
819 3544 1116 3650 Schellenbergii

71 3679 91 3738 I.
106 3671 190 3746 VIII
210 3668 258 3743 ad
279 3685 443 3748 nostram
457 3669 622 3774 speciem
636 3667 870 3758 adhiberem,
898 3666 970 3742 nisi
986 3683 1118 3742 auctor

68 3811 226 3890 expresse
243 3805 433 3882 moneret,
461 3791 651 3874 Bsnchum
671 3816 786 3900 'suum
818 3787 944 3872 areola
973 3788 1116 3869 alarum

68 3931 190 3989 carere.
1122 3927 1126 3940 '
