2776 4628
398 201 565 253 ‹srusou
598 203 785 252 anamma
813 187 868 251 IV.
1086 169 1162 256 ’687

182 859 312 960 Caput
338 871 590 936 transversum
614 857 740 934 breve.
774 896 827 918 -··
858 859 974 936 Oculi
1000 854 1162 932 renilor·

95 1002 194 1051 mes.
217 1008 275 1034 ·-
299 979 502 1066 Auernae
520 977 678 1078 graciles
697 981 850 1080 longae,
878 978 985 1081 apice
1006 975 1163 1052 subcur-

104 1110 223 1171 ratae.
244 1139 297 1154 -
322 1099 401 1172 Hae
423 1112 462 1173 et
478 1105 703 1200 purtesoris
722 1097 931 1172 accuratius
951 1096 1162 1197 descriptae

103 1231 192 1290 sunt
214 1215 283 1290 sub
305 1216 351 1292 Ο.
375 1217 601 1294 ventricoso.
629 1261 681 1277 -
707 1218 873 1295 Thorax
893 1217 1082 1319 gibbulus.
1102 1251 1162 1274 ·-

101 1335 317 1414 Scutellum
332 1361 541 1414 convexum
555 1352 620 1413 aut
631 1336 839 1440 gibbulum,
854 1337 1029 1440 plurimis
1044 1336 1163 1412 trian-

102 1456 233 1556 gulare
246 1457 353 1558 apice
366 1456 514 1548 obtuso,
531 1471 595 1532 aut
609 1457 919 1558 subquadratum3
945 1455 1043 1560 Opb.
1059 1453 1163 1532 bom·
1187 1539 1190 1546 ,

102 1573 286 1677 bycivoro
311 1576 563 1653 orbiculatum
589 1577 753 1680 gibbum.
781 1609 839 1637 ⁴-
868 1578 972 1655 Alcc
996 1578 1161 1674 amplae;

103 1696 229 1770 areola
252 1696 368 1786 nulla,
398 1698 540 1774 cellula
566 1698 746 1776 interiore
765 1721 900 1773 nervos
919 1697 1012 1771 duos
1033 1721 1162 1771 recur-

102 1829 228 1890 rentes
249 1815 480 1919 excipiente,
508 1843 668 1920 quorum
689 1817 852 1894 exterior
870 1817 983 1918 longe
998 1841 1017 1888 a
1033 1840 1160 1905 nerv0,

103 1931 170 2037 qui
189 1934 347 2010 cellulas
375 1937 465 2012 duas
485 1936 668 2013 cubitales
692 1937 875 2040 sejungit,
903 1953 1068 2013 remotus
1088 1952 1158 2014 est.

102 2097 154 2114 ··-
180 2055 303 2132 Pedes
316 2055 420 2157 longi
435 2055 611 2157 graciles,
640 2058 828 2160 unguibus
848 2057 979 2134 subtus
994 2056 1162 2158 pectina·

104 2173 174 2263 tis,
209 2173 423 2276 pectinibus
456 2175 710 2252 subtilissimis
736 2195 776 2252 et
802 2178 885 2253 solo
919 2177 1032 2253 oculo
1064 2176 1163 2253 bene

102 2311 247 2371 armato
261 2294 461 2372 distinctis.
488 2337 541 2354 -·
566 2294 767 2374 Abdomen
785 2297 942 2374 thorace
955 2297 1161 2397 angustius,

103 2438 228 2515 eoque
248 2413 366 2516 duplo
387 2416 449 2490 rel
469 2415 557 2517 plus
571 2415 689 2516 duplo
709 2415 877 2516 longius,
905 2439 1162 2517 compressum

102 2533 349 2636 petiolatum,
382 2560 496 2637 supra
526 2535 749 2625 carinatum,
783 2533 947 2610 maribus
972 2535 1163 2611 interdum

103 2653 442 2757 subcompressum,
458 2680 490 2730 e.
506 2679 541 2756 g.
559 2653 657 2760 Oplr.
672 2653 848 2745 obscuro,
867 2654 974 2730 laeve
989 2653 1163 2745 nitidum,

101 2801 125 2848 a
145 2776 265 2850 latere
285 2775 405 2851 visum
425 2773 626 2852 altitudine
655 2775 792 2852 sensim
815 2788 1019 2851 crescente.
1073 2774 1163 2876 Seg-

100 2908 270 2969 mentum
283 2894 446 2996 primum
467 2911 574 2998 parte
593 2895 716 2971 antica
731 2894 978 2999 subquadrata
998 2910 1062 2971 aut
1074 2895 1163 2970 luti-

101 3013 235 3090 tudine
250 3015 366 3117 paulo
380 3015 569 3116 longiore,
596 3015 743 3118 petiolo
761 3015 878 3116 longo
902 3015 1049 3117 gracili,
1078 3019 1163 3092 lon·

101 3134 209 3236 giore
237 3150 277 3210 et
300 3134 416 3238 paulo
442 3133 657 3238 angustiore
686 3161 798 3239 quarn
827 3160 912 3236 pars
941 3136 1076 3213 antica.
1110 3179 1164 3196 -

101 3255 273 3332 Aculeus
291 3253 355 3330 vix
376 3254 627 3332 subexsertus.
655 3299 708 3314 --
733 3255 911 3333 Genitule
938 3258 1164 3346 musculum,

101 3374 172 3448 sub
187 3374 313 3476 specie
329 3373 417 3475 styli
432 3374 556 3450 brevis
570 3373 712 3464 obtusi,
739 3374 804 3451 rix
820 3373 1077 3450 subexsertum
1091 3393 1160 3452 est.

179 3496 241 3569 De
262 3492 506 3568 affinitatibus
532 3491 631 3569 inter
652 3493 848 3596 Ophiones
869 3509 909 3569 et
931 3497 1164 3600 Crypturos,

101 3616 267 3703 Arocas,
284 3615 572 3716 Compopleges,
585 3614 772 3693 Paniscos
784 3629 824 3690 et
836 3616 1048 3720 Auoruulu,
1070 3613 1163 3689 haec
1180 3665 1182 3672 ·

105 3733 315 3835 subgenera
348 3733 521 3810 conferre
547 3735 655 3810 velis.
688 3777 741 3792 -
766 3735 920 3838 Ophion
948 3733 1165 3814 tumidulus

103 3869 143 3932 et
159 3851 398 3942 combustus,
425 3851 624 3928 abdomine
644 3852 834 3954 longiore,
863 3853 1073 3954 analogiam
1092 3855 1164 3930 ali-

103 3999 216 4076 quam
249 3971 605 4050 manifestantem
634 3973 804 4062 Macris,
832 3971 898 4078 qui
927 3988 1054 4051 tamen
1081 3987 1164 4051 toto
