2726 4634
479 225 671 278 rusticiu
700 213 729 281 1.
1060 219 1135 292 m

95 405 269 493 punctove
292 387 461 478 laterali,
492 390 688 468 ueletiam
708 405 852 493 puncto
878 393 975 474 iufra
994 400 1136 476 sustel-

95 510 178 602 lum,
209 509 325 588 flavis.
379 508 595 588 Scutelium
615 511 752 588 flavum
772 509 942 612 gibbum,
970 519 1138 618 plerum·

94 657 159 732 que
178 628 578 731 obsolete-spinosum,
607 630 714 733 spina
728 629 843 708 fusca.
895 635 1138 715 Aloesulvo·

95 747 274 850 hyalinae,
310 749 484 850 stigmate
509 749 615 825 radio
640 764 680 827 et
704 751 830 826 radice
862 750 993 846 fulvis,
1026 781 1137 860 squa-

91 869 182 944 mulu
212 868 428 957 flaiicante3
468 870 593 946 sreolu
629 868 770 961 sessili,
810 871 909 948 siout
926 873 982 949 'in
1020 893 1133 954 utare.

90 987 201 1066 Pedes
225 987 314 1066 flavi
337 1001 407 1064 eut
431 978 543 1078 fulvi,
581 989 784 1066 anteriores
811 991 1036 1097 plerumque
1056 1009 1136 1074 tro-

90 1105 320 1185 chanteribus
345 1122 386 1184 et
413 1109 516 1184 coxis
542 1108 667 1198 flavis,
713 1110 851 1212 postici
876 1113 980 1190 coxis
1006 1113 1136 1217 nigris,

88 1227 209 1304 subtus
231 1229 499 1331 utplurimum
513 1228 659 1304 macule
676 1227 824 1308 lineare
837 1230 1051 1333 ferruginea
1071 1249 1137 1312 aut

88 1347 183 1438 fluvu,
197 1347 302 1424 tibiis
315 1347 426 1452 apice
439 1347 554 1452 nigris
568 1345 772 1426 autfuseis.
807 1348 1009 1430 Abdomen
1022 1353 1136 1432 dorso

87 1467 143 1542 rel
160 1468 315 1545 thorace
335 1471 527 1570 angustius
552 1468 614 1546 vel
637 1467 719 1570 ejus
739 1469 957 1562 latitudine,
983 1473 1138 1552 linesri·

86 1612 146 1664 seu
164 1586 525 1678 ovato-susifornie3¹
549 1603 742 1690 segmento
765 1599 784 1668 1
800 1590 1000 1670 latitudine
1016 1595 1137 1672 varia·

86 1706 168 1797 bili,
192 1708 275 1784 basi
290 1711 412 1812 nigra,
438 1711 559 1786 rarius
573 1709 674 1801 ruia,
700 1709 827 1787 medio
841 1711 949 1812 nigro
961 1728 1026 1790 aut
1039 1712 1136 1804 rufo,

87 1829 187 1928 apice
206 1831 304 1906 flavo
328 1847 396 1906 aut
411 1845 594 1920 testace0,
623 1829 962 1922 subcunaliouluto,
996 1830 1139 1908 cunali-

86 1949 163 2022 culu
184 1949 388 2026 individuis
410 1949 607 2028 latioribus
630 1950 882 2040 distinctiore;
909 1961 994 2030 2ct
1015 1950 1139 2054 &ple-

87 2093 240 2174 rumque
280 2069 362 2144 basi
397 2071 505 2158 rufis,
538 2073 648 2175 apice
673 2071 798 2162 flavis,
832 2071 1020 2148 ranssime
1045 2071 1137 2149 totis

86 2189 254 2266 testaceis
273 2205 341 2266 aut
361 2199 388 2270 2
407 2191 554 2292 ungulis
575 2191 707 2267 baseos
721 2217 788 2267 seu
801 2191 881 2266 basi
895 2207 992 2282 tota,
1019 2189 1139 2272 abasi

85 2323 167 2401 tota,
196 2310 330 2411 nigrim
358 2311 601 2412 sequentibus
615 2311 763 2388 mocula
777 2310 917 2388 dorsali
931 2311 1139 2413 marginali,

84 2429 222 2532 majore
240 2430 452 2520 minoreve,
478 2431 574 2506 flava
592 2445 658 2506 aut
674 2430 922 2508 subtestacea.
990 2445 992 2450 '

157 2553 283 2627 Mares
324 2564 364 2626 et
397 2549 555 2628 feminas
589 2549 691 2652 cepi,
718 2577 847 2628 mense
886 2551 1004 2640 Iulio,
1040 2548 1142 2626 circa

88 2671 326 2772 Gottingum,
339 2670 554 2772 pluresque,
570 2671 669 2745 circa
681 2671 723 2750 V
721 2674 976 2760 rotislovium,
989 2671 1144 2748 Wurm-

88 2789 230 2881 bruun,
253 2791 496 2880 Berolinom,
526 2791 567 2869 V
564 2787 810 2880 indoloriam,
834 2790 1023 2880 Parisios,
1049 2792 1144 2871 Net-

88 2913 163 3016 iey,
191 2911 389 3000 Parmam,
408 2909 595 2998 Genuum,
615 2933 686 2986 nec
701 2935 777 2986 non
795 2910 835 2984 in
848 2911 1014 3011 Region:
1026 2909 1146 2990 Peda-

89 3047 269 3108 montonu
290 3031 388 3108 etin
407 3030 614 3130 Hungorio
632 3028 741 3121 lecti,
769 3057 916 3107 mecum
936 3030 1147 3108 communi-

89 3151 159 3226 cati
174 3166 272 3226 sunt.
288 3191 341 3210 -
365 3152 493 3229 Mures
508 3148 698 3226 solitarios
712 3151 809 3253 cepi,
836 3150 1028 3228 mensibus
1043 3148 1145 3228 Iunii

88 3311 138 3328 -
150 3271 392 3375 Septembris,
419 3271 460 3348 in
478 3268 694 3346 umbellatis
710 3285 749 3346 et
764 3270 804 3346 in
821 3269 999 3373 gramine,
1026 3271 1153 3350 rarius
1203 3291 1208 3299 '

91 3391 127 3466 in
155 3389 362 3482 fruticetis,
394 3391 535 3494 passim
562 3388 602 3464 in
627 3389 774 3466 Silesic
805 3402 845 3466 ct
891 3387 991 3466 circu
1017 3387 1151 3467 Helm·

89 3510 281 3598 studium,-
306 3512 488 3615 aliosque,
504 3510 603 3585 circa
616 3509 902 3599 Honnoverom,
915 3508 1151 3610 Meuringen,

89 3629 322 3732 friburgum
349 3632 442 3710 etin
460 3632 502 3711 V
498 3629 661 3734 olluynia
673 3632 808 3720 lectos,
830 3628 973 3730 accepi.
1026 3628 1153 3706 Femi-

92 3779 154 3829 nas
168 3753 260 3828 duas
274 3753 395 3856 cepit,
422 3752 636 3854 multasque
650 3747 878 3840 observavit,
907 3747 1008 3824 circa
1020 3749 1154 3852 pinum

92 3873 314 3974 sylvestrem
334 3871 555 3962 volitantes,
583 3868 631 3948 ob
648 3865 866 3960 Ueclztritz,
891 3879 1019 3948 mense
1039 3868 1153 3959 Iunii,

92 3995 192 4072 circa
205 3989 703 4098 PicltelsbergetSteglitzs
727 3989 911 4092 aliaeque,
939 3989 1040 4068 circa
1055 3989 1157 4068 Fur-

804 4107 883 4190 25*
