2652 4628
675 238 840 290 Ptttrta
927 285 932 298 ,

700 401 820 480 Mas?

305 537 444 643 capite
463 552 547 616 toto
569 543 692 640 nigro.
719 585 771 599 -·
796 541 965 618 Statura
985 539 1193 642 gracilior
1209 567 1321 644 quam

227 658 400 737 feminae.
427 702 480 717 —
505 656 729 759 longitudo
748 657 829 737 sere
851 667 875 740 4
894 653 1108 738 linearum.
1169 665 1321 740 Anten-

76 857 88 870 ,
225 807 299 856 nae
316 781 534 869 filisormcs,
560 805 721 882 corpore
740 779 955 870 breviores,
981 797 1200 872 curvatae,
1232 783 1321 857 sub·

226 915 287 977 tus
305 900 452 991 fuscae,
479 899 650 976 articulis
677 910 696 986 1
721 910 762 977 et
780 905 807 980 2
827 901 919 977 totis
942 897 1081 1004 nigris.
1144 902 1321 978 Thorax

112 1067 116 1078 ·
225 1019 414 1122 gibbulus.
468 1023 572 1100 Aloe
591 1019 1000 1122 subfumatolryalinae,
1035 1020 1159 1099 radio
1196 1021 1319 1108 rusco,

227 1141 399 1242 stigmate
428 1140 720 1233 substramineo,
760 1128 888 1220 radice
915 1142 1064 1232 albida,
1106 1141 1318 1248 squamula

226 1247 457 1364 nigrofusca}
490 1261 617 1338 areola
642 1259 865 1363 triangulari
894 1256 1114 1339 subsessili.
1191 1261 1318 1340 Pedes

227 1379 434 1458 anteriores
464 1381 666 1472 rusofulvi,
700 1383 803 1458 coxis
832 1397 872 1457 et
903 1377 1230 1458 trochanteribus
1258 1381 1317 1454 ni-

225 1501 319 1602 gris3
345 1499 485 1605 postici
501 1500 616 1603 nigri,
643 1499 748 1577 tibiis
770 1497 896 1578 medio
914 1498 1167 1604 ferrugineis.
1230 1497 1315 1578 At-

226 1617 362 1698 domen
395 1621 520 1724 capite
553 1619 784 1724 thoraceque
824 1622 973 1723 longius
1009 1635 1050 1698 et
1085 1619 1310 1723 angustius3

171 1807 175 1815 ,
225 1741 426 1846 segmentis
460 1751 591 1820 2-6
623 1740 840 1844 aequilatis;
878 1748 897 1819 1
934 1740 1149 1817 latitudine
1185 1737 1309 1840 duplo

224 1857 415 1961 longiore,
452 1861 560 1938 basin
586 1887 716 1938 versus
746 1858 884 1938 sensim
913 1859 1138 1963 angustam,
1176 1857 1310 1935 tuber·

225 1977 322 2053 culis
345 1980 565 2059 lateralibus
587 1981 702 2086 paulo
725 1981 824 2058 ultra
846 1981 1012 2086 medium
1034 1979 1143 2070 sitis,
1182 1979 1304 2079 nigro,

223 2097 392 2200 margine
416 2099 521 2194 ruso;
553 2109 683 2183 a-t
705 2099 968 2191 diluto-rufis,
1002 2109 1038 2180 2-
1055 2115 1214 2204 puncto
1248 2099 1304 2172 la·

227 2216 338 2294 terali
362 2219 482 2323 nigro,

297 2337 443 2417 Marem
464 2339 618 2418 unicum
643 2341 780 2420 Besser
801 2365 823 2418 e
846 2337 889 2422 V
886 2339 1048 2446 ollynia
1069 2338 1194 2416 misit.

424 2561 562 2640 Nota:

298 2695 361 2774 De
388 2725 491 2778 mare
511 2699 626 2804 hujus
649 2695 789 2802 speciei
810 2693 946 2775 dubius
974 2691 1127 2775 haereo.
1211 2689 1293 2770 Ma

223 2817 491 2922 interrogative
511 2820 724 2922 descriptus
749 2817 878 2895 differt
897 2813 1022 2920 capite
1042 2815 1171 2920 nigro;
1205 2837 1291 2888 cum

222 2937 315 3014 alias
361 2965 482 3015 mares
522 2939 683 3042 picturis
729 2937 993 3042 pallidioribus
1033 2936 1173 3039 capitis
1215 2947 1287 3009 etc.

192 3041 199 3054 ’
220 3056 392 3135 distincti
411 3087 495 3139 esse
515 3062 649 3138 solent.
708 3059 851 3134 Forsan
865 3059 910 3134 L.
934 3064 1139 3158 insignita,
1166 3085 1202 3131 n.
1227 3057 1285 3136 465

221 3169 300 3254 nias
322 3196 381 3258 est
399 3178 653 3272 verberantis,
680 3180 745 3257 sed
758 3179 914 3254 thorace
936 3194 975 3254 et
989 3177 1155 3253 scutello
1169 3175 1286 3248 flavo-

221 3299 372 3375 linaatis
393 3291 532 3378 differt.
588 3302 788 3376 Caeterum
803 3315 929 3374 autem
942 3322 1021 3372 mas
1038 3295 1101 3373 hic
1116 3292 1285 3390 descrip-

221 3433 282 3494 tus
322 3419 602 3524 adpropinquat
641 3419 822 3496 etiamad
860 3417 1043 3491 familiam
1083 3413 1280 3493 secundam

222 3539 492 3642 Tryphonem,
520 3539 723 3644 praecipue
745 3540 792 3614 ad
819 3542 885 3616 Tr.
908 3537 1220 3642 erythrocerum,
1244 3556 1278 3602 n·

223 3661 309 3749 151,
323 3679 434 3761 aquo
448 3660 649 3738 abdomina
663 3657 779 3764 paulo
794 3657 995 3762 graciliore
1009 3671 1048 3734 et
1061 3653 1186 3756 capite
1199 3663 1279 3726 toto

223 3777 330 3879 nigro
357 3777 497 3873 differt.
