2764 4628
229 207 304 279 aas
641 181 645 190 ’
716 201 743 268 1.
770 211 797 268 a·

227 387 390 470 scutello
403 382 550 462 thoraci
565 379 779 474 concolora
803 380 850 457 ad
864 381 1072 488 sectionem
1084 389 1300 467 secundam

225 508 463 612 redigendus.
516 507 659 581 Forsan
678 517 805 580 autem
824 518 953 580 noster
973 509 1147 611 Cryptus
1166 535 1299 614 appa.

226 635 387 710 ritorius
405 625 545 720 femina
565 623 679 727 hujus
700 622 813 700 maris
833 650 916 700 esse
935 641 1075 727 posset.

302 747 467 824 Schrank
488 744 654 820 adhunc
673 770 822 820 marem.
833 742 989 822 adhibet
1002 747 1109 824 Ichn.
1123 765 1295 850 puncto-

226 876 326 946 rium
340 867 451 942 Mall.
469 865 578 941 Zool.
594 864 678 942 dan.
694 865 821 941 Prodr.
840 895 875 943 n.
897 876 1013 958 1771,
1039 867 1195 944 thorace
1218 869 1294 943 im.

223 989 431 1077 maculato,
459 985 621 1064 scutello
648 986 863 1079 flavicante,
890 989 1063 1066 antennis
1085 988 1292 1079 annulatis,

226 1108 425 1186 abdomine
446 1121 531 1181 toto
551 1106 786 1214 pedibusque
805 1105 1042 1210 ferrugineis.
1095 1111 1159 1186 De
1172 1110 1289 1188 Icta.

224 1233 429 1334 punctorio
451 1241 549 1303 auct.
571 1226 658 1306 vide
679 1226 886 1306 sectionem
902 1227 1066 1305 tertiam.
1139 1307 1145 1320 ,

275 1782 303 1835 8.
337 1769 554 1828 ABDOMINIS
571 1773 659 1828 BASI
675 1769 753 1828 AUT
771 1771 900 1828 MEDIO
918 1769 1021 1826 RUFO
1039 1771 1228 1828 FLAVOVE.

302 1933 363 2014 De
384 1929 492 2007 Ichn.
510 1930 716 2007 tricoloreo
738 1929 827 2006 Chr.
845 1930 901 2030 (n.
921 1930 989 2029 11)
1003 1928 1174 2006 conferre
1188 1929 1289 2008 velis

225 2077 322 2155 quae
349 2051 396 2126 ad
423 2049 644 2128 divisionem
666 2059 692 2127 Ξ
714 2049 857 2126 monui.
911 2049 1016 2125 Idem
1037 2048 1286 2140 Ichneumon,

224 2188 469 2250 antennarum
489 2167 658 2246 articulis
682 2177 819 2249 1-12
838 2168 972 2259 fulvis,
1001 2169 1165 2272 indeque
1183 2167 1287 2249 haud

224 2319 335 2368 sensu
359 2291 491 2372 stricto
512 2289 838 2380 albo-annulatis,
866 2287 1145 2394 adpropinquat
1168 2289 1285 2364 etiam

225 2415 271 2488 ad
292 2419 495 2490 sectionem
512 2410 593 2485 ΙΙΙ.
621 2451 673 2466 --

302 2532 334 2608 Ε
364 2531 547 2610 divisione
572 2531 596 2608 5
623 2555 703 2606 mas
727 2529 835 2608 Ichn.
863 2525 1161 2624 inflammatorii
1185 2529 1282 2607 Vill.

225 2653 282 2753 (n.
304 2653 393 2750 24),
421 2651 620 2727 abdomine
647 2649 772 2746 fulvo,
800 2648 908 2752 apice
936 2649 1044 2752 nigro
1065 2649 1196 2728 subtus
1219 2651 1285 2726 vix

176 2793 180 2800 '
225 2771 429 2871 conspicue
443 2769 542 2860 albo,
569 2771 633 2858 vel
648 2769 693 2844 ad
708 2768 803 2844 hanc
817 2769 1041 2846 divisionem
1054 2770 1207 2846 tertiam
1220 2769 1285 2846 vel

224 2893 424 2968 adsertam
439 2888 608 2966 adhiberi
624 2903 763 2992 posset.
784 2931 837 2949 -
862 2889 894 2965 E
910 2897 1076 2968 sectione
1089 2891 1165 2966 ΙΙΙ
1174 2887 1283 2966 lehn.

224 3018 480 3115 crispatorius
505 3008 614 3086 Linn.
639 3009 700 3110 (n2
720 3009 808 3110 89),
836 3010 1008 3087 antennis
1026 3035 1156 3088 versus
1176 3007 1285 3084 basin

223 3129 528 3221 flavoaunulatis,
556 3128 603 3204 ad
623 3127 719 3204 hanc
739 3127 966 3207 divisionem
991 3128 1281 3235 adpropinquat
1372 3123 1373 3173 ¹

394 3447 426 3512 9.
470 3433 589 3502 ICHN.
612 3433 1020 3504 CONSTRICTORIUS.
1061 3435 1101 3501 L.

424 3593 578 3670 Thorace
614 3601 785 3670 bidentato
828 3600 1072 3685 submaeulato,
1112 3615 1283 3692 segmento

425 3702 570 3773 secundo
592 3700 795 3794 ferrugineo-

296 3877 522 3982 Magnitudo
538 3875 673 3953 media.
726 3873 1284 3979 Anteunoelongitndinetho-

223 4001 338 4092 racis,
365 3997 790 4077 albo-semiannulatae.
845 3997 1014 4077 Thorax
1026 4013 1171 4102 puncto
1184 3995 1282 4074 inira
