2726 4634
655 221 852 272 BANultus

299 1237 427 1334 Caput
441 1245 693 1307 transversum
705 1231 838 1323 breve,
865 1254 993 1308 versus
1007 1231 1150 1307 collum
1163 1233 1283 1334 paulo

221 1369 469 1454 angustatum.
497 1352 690 1428 -'Oculi
703 1349 840 1438 ovales‚
869 1375 980 1452 saepe
995 1351 1166 1426 obsolete
1180 1351 1285 1426 rani·

219 1475 376 1561 formes,
411 1475 491 1549 Ex.
509 1470 708 1574 sulvipedi
734 1469 985 1570 angustiores,
1019 1473 1100 1548 Ex.
1125 1469 1283 1548 brunni-

218 1594 309 1699 pedi
322 1590 553 1694 subglobosi.
580 1627 645 1650 -’
657 1593 861 1668 Antennoe
879 1590 1037 1692 graciles
1056 1606 1121 1667 aut
1134 1590 1286 1667 medio-
1350 1636 1351 1649 κ

218 1741 313 1790 cres.
341 1757 391 1770 --
418 1715 479 1788 De
500 1711 561 1786 his
581 1724 620 1788 ct
639 1711 685 1786 de
699 1709 881 1814 portibus
899 1718 980 1787 oris
998 1711 1169 1788 coulcrre
1184 1711 1283 1788 velis

220 1849 349 1910 notam
373 1831 418 1906 ad
439 1833 506 1907 Ex.
524 1832 763 1908 clavatorem.
789 1875 843 1890 -
867 1831 1035 1908 Thorax
1052 1829 1200 1934 gibbus.
1227 1873 1284 1888 —

220 1955 434 2031 Scutellum
449 1953 748 2053 subtriaugulare
769 1967 834 2028 aut
853 1951 1173 2055 subquadratum‚·
1189 1951 1282 2055 plus

219 2073 342 2150 miuus
357 2097 567 2148 convexum
580 2086 645 2147 aut
656 2071 863 2174 gibbulum‚
891 2071 1097 2148 individuis
1114 2073 1281 2148 scutello

218 2193 364 2298 pallido
377 2191 529 2294 planius
550 2219 661 2296 quam
676 2191 846 2294 reliquis.
873 2233 928 2252 ·-
950 2195 1055 2271 Alce
1067 2192 1281 2268 mediocres

218 2329 284 2390 aut
299 2312 534 2414 subamplae;
562 2313 688 2388 areola
701 2313 763 2388 vel
775 2311 918 2413 majore
931 2310 1195 2405 subrhombea,
1215 2316 1281 2391 vel
1352 2309 1353 2332 ³

217 2432 365 2507 minore
377 2431 622 2534 triangulari,'
633 2433 753 2508 rarius
767 2432 959 2534 petiolata,
980 2458 1013 2507 e.
1029 2457 1063 2533 g.
1080 2436 1161 2510 Eat.
1180 2432 1282 2512 albi-

217 2567 343 2638 tarso,
362 2550 533 2639 cellulae
548 2552 738 2628 interioris
754 2577 869 2628 nervo
890 2550 1070 2628 inferiore
1088 2555 1281 2630 exteriore

215 2673 405 2773 ungulato.
440 2713 493 2728 -
523 2671 645 2749 Pedes
677 2670 885 2748 mediocres
914 2685 979 2746 aut
1010 2671 1188 2774 elongati.
1225 2715 1281 2734 -·

214 2791 417 2870 Abdomen
437 2791 544 2867 laeve
565 2792 726 2868 nitidum
748 2816 977 2882 convexum,
1014 2791 1171 2869 thorace
1191 2793 1280 2869 lon-

214 2912 316 3015 gius,
343 2911 462 2989 rarius
483 2910 565 2988 fere
585 2910 668 3014 cjus
688 2912 944 3013 longitudine,
973 2937 1005 2987 c.
1021 2937 1055 3013 g.
1077 2915 1157 2989 Ex.
1174 2913 1280 2991 bico-

213 3037 368 3118 lorat03
393 3031 549 3107 thorace
570 3031 781 3134 augustius3
809 3031 954 3134 apicem
982 3059 1112 3108 versus
1140 3034 1280 3136 pleris-

215 3178 289 3255 que
304 3167 436 3228 veutrc
450 3151 793 3255 subcompressum,
821 3151 985 3228 laminae
998 3155 1078 3228 Ex.
1093 3151 1280 3232 albitum·

212 3273 277 3350 vix
297 3273 642 3375 subcompressum,
669 3271 833 3348 maribus
854 3269 1028 3373 plurimis
1048 3271 1279 3362 teretiuscu-

212 3391 292 3467 lum
307 3390 426 3490 (haud
440 3393 728 3493 compressum).
757 3393 998 3493 segmentum
1011 3392 1176 3494 primum
1186 3393 1278 3468 sub-

212 3513 342 3586 sessilc
370 3525 436 3586 aut
463 3510 776 3614 subpetiolatum,
804 3511 951 3614 apicem
977 3537 1106 3588 versus
1135 3513 1276 3589 sensim

210 3629 425 3720 dilatatum,
455 3631 535 3706 basi
556 3647 622 3707 aut
642 3631 788 3733 pctiolo
808 3630 915 3707 brevi
940 3630 1191 3707 crassiusoulo
1211 3659 1276 3708 ca-

210 3748 435 3838 naliculato,
475 3750 685 3828 tuberculis
716 3750 936 3826 lateralibus
965 3751 1005 3825 in
1030 3751 1172 3842 medio,
1206 3769 1274 3827 aut

210 3869 326 3972 paulo
340 3870 438 3944 ultra
450 3871 628 3963 medium,
647 3869 741 3946 sitis.
755 3911 808 3928 -
821 3871 992 3948 Aculeus
1005 3871 1272 3950 exsertusbre-

209 3989 283 4080 vis,
310 3989 430 4065 rarius
444 3987 524 4067 fera
538 3989 776 4094 longitudine
790 3989 1012 4068 abdominis.
