2668 4626
671 231 831 282 usmeta

303 807 432 906 Caput
444 820 696 878 transversum
711 800 836 875 breve.
852 841 905 856 -
923 799 1038 875 Oculi
1050 798 1180 874 orales
1197 823 1306 902 pro-

224 925 420 1000 minentes.
449 947 502 980 -a-
526 925 729 1000 Antennce
746 919 922 1020 graciles,
949 917 1096 994 dimidii
1111 921 1303 1021 corporis

225 1039 479 1148 longitudine,
504 1043 611 1146 apice
638 1039 893 1116 subcurvatae.
921 1082 974 1097 -
999 1039 1169 1116 Thorax
1198 1041 1304 1114 suh-

225 1164 464 1268 cyliudricus.
498 1207 551 1222 -
581 1161 794 1240 Scutellum
823 1152 1122 1261 subtriangulare
1150 1159 1301 1234 subtu-

224 1286 471 1364 berculatum.
498 1325 550 1339 —
574 1280 913 1365 Alaemediocres,
942 1279 1067 1354 areola
1085 1278 1205 1356 nulla.
1236 1323 1300 1338 —

225 1407 348 1485 Pedes
360 1399 601 1488 breviusculi,
615 1398 820 1475 femoribus
834 1397 980 1474 validis.
1003 1441 1056 1456 -
1079 1397 1300 1477 Abdomen

226 1527 356 1603 sessile
381 1547 589 1598 convexum
621 1518 842 1607 nitidulum,
875 1516 1040 1594 thoracis
1067 1518 1296 1610 latitudine,

226 1673 272 1724 eo
293 1659 418 1720 autem
438 1642 518 1716 fere
538 1639 656 1742 duplo
683 1636 850 1738 longius,
879 1637 1295 1744 subelongato-cylin-

224 1767 386 1854 dricum‚
428 1761 574 1863 apicem
605 1785 732 1834 versus
768 1757 906 1833 sensim
945 1759 1157 1860 angustius3
1199 1788 1294 1863 seg-

226 1885 361 1961 mentis
381 1878 618 1958 transversim
639 1878 786 1966 incisis,
815 1886 839 1955 6
857 1894 896 1954 et
916 1885 941 1956 7
959 1894 1091 1955 ventre
1113 1881 1292 1982 longitu-

223 2000 549 2081 dinaliterincisis.
604 1999 843 2100 Segmentunr
859 1999 1021 2099 primum
1042 1997 1142 2074 linea
1156 2000 1289 2102 longi-

224 2125 383 2202 tudinali
410 2118 716 2206 canaliculatum‚
751 2119 952 2193 latitudine
978 2120 1093 2222 paulo
1118 2120 1282 2221 longius,

223 2245 332 2322 basin
344 2267 472 2319 versus
485 2240 601 2342 paulo
614 2255 869 2341 angustatum
890 2238 1098 2315 tuberculis
1112 2237 1284 2316 laterali·

224 2369 295 2442 bus
310 2379 397 2440 ante
411 2361 518 2436 basin
533 2361 628 2434 sitis.
652 2400 704 2416 -
727 2361 896 2436 Aculeus
909 2359 1101 2461 perbrevis
1117 2375 1275 2437 erectus.

300 2487 361 2560 De
380 2481 626 2556 affinitatibus
646 2477 759 2581 hujus
779 2477 945 2554 familiae
967 2499 1052 2554 cum
1066 2481 1280 2557 Lissonotis

225 2619 264 2682 et
277 2601 566 2706 Polysphinctis
578 2625 688 2700 supra
701 2599 777 2700 jam
792 2614 915 2675 actum
931 2613 998 2674 est.
1017 2643 1070 2656 —
1095 2604 1278 2679 AClisto-

223 2733 337 2830 pygr's
361 2738 400 2799 et
420 2720 618 2823 Ephialtis
644 2719 712 2794 illa
740 2719 869 2796 differt
896 2719 1055 2820 pedibus
1084 2719 1211 2794 crassis
1234 2737 1276 2796 et

224 2846 357 2921 aculeo
376 2841 500 2930 brevi,
529 2865 547 2913 a
570 2839 801 2940 Clistopygis
820 2855 1014 2941 praeterea
1032 2865 1182 2941 quoque
1193 2867 1275 2942 seg-

223 2964 359 3040 mentis
380 2969 403 3038 6
423 2977 462 3036 et
485 2969 509 3039 7
529 2959 690 3037 feminae
709 2959 994 3034 ventreincisis.
1022 3001 1075 3016 -
1099 2963 1129 3034 A
1146 2961 1275 3037 Bussis

223 3083 354 3158 habitu
381 3096 482 3170 totu,
515 3080 673 3182 pedibus
704 3079 852 3168 crassis,
886 3077 1040 3156 thorace
1067 3078 1273 3182 cylindrico

224 3217 297 3278 etc.
314 3201 569 3304 Schizopygae
585 3225 623 3275 sc
644 3199 890 3301 distinguunt.

586 3543 886 3557 m
