2776 4628
210 221 216 236 ²
238 198 317 274 702
635 237 641 248 ·
677 205 852 267 *cruror

238 381 343 458 mula
379 379 517 470 fulvis,
555 375 663 457 radio
698 377 947 462 tumescente.
964 396 987 436 ³*
1007 375 1131 458 Pedes
1170 379 1305 485 piceo·
1378 453 1379 484 ,

237 499 406 578 testacei.
458 499 661 592 Abdoman
679 511 906 589 testaceum,
933 501 1136 602 segmentis
1158 509 1183 579 6
1206 518 1247 577 et
1265 513 1303 594 7,

238 649 310 698 nec
322 646 399 696 non
409 621 556 696 macula
570 619 709 694 dorsali
724 617 905 720 segmenti
922 627 961 709 1,
990 618 1230 720 nigrofuscis.

244 783 250 824 .·
295 741 441 818 Marem
454 739 608 816 unicum
621 738 963 840 nurembergensem
974 739 1152 818 Sturmio
1165 739 1301 817 debeo.

228 1051 252 1154 ·-
316 1049 323 1158 1.
481 1113 557 1182 141.
599 1099 1139 1174 O.=iOEN·'l'RICOSUS.···m··’

438 1251 560 1359 Rufus3
589 1277 681 1366 apice
709 1253 900 1362 abdominis
921 1285 1056 1364 pectore
1078 1284 1113 1341 et
1132 1273 1306 1343 metathe-

440 1401 515 1444 race
537 1378 641 1466 nigris
664 1385 720 1443 sut
734 1375 1020 1466 'nigromaculatis
1063 1372 1156 1445 m.'f.

246 1649 250 1660 .
314 1585 484 1664 Statura
513 1598 552 1660 et
583 1582 782 1686 proportio
814 1582 979 1685 partium
1011 1581 1109 1659 sicut
1131 1580 1173 1658 in
1201 1582 1304 1686 opt.

239 1709 537 1795 luteo,n.136.

316 1823 538 1926 Longitudo
549 1821 663 1897 maris
677 1823 744 1924 47,
757 1832 841 1902 -7
850 1824 899 1927 7„
914 1820 1076 1898 feminac
1091 1826 1156 1920 6¹),
1168 1825 1299 1923 —772

237 1946 434 2021 linearum.
490 1947 620 2044 Caput
645 1942 789 2031 rufum3
817 1933 939 2020 oculis
966 1957 1006 2017 et
1029 1945 1303 2035 stemmatibus,

238 2066 463 2169 plerumque
487 2063 641 2164 regione
672 2061 771 2137 circa
806 2077 1018 2153 stemmata,
1053 2065 1186 2167 nigris,
1221 2091 1304 2140 mas

240 2185 467 2288 plerumque
489 2205 554 2258 ore
573 2197 612 2260 et
631 2182 729 2256 facie
749 2181 872 2271 flavis,
899 2181 970 2256 hac
984 2183 1109 2259 medio
1124 2201 1167 2260 ut
1179 2185 1307 2287 plori-

238 2333 341 2381 mum
373 2301 613 2392 fulvo-rufa,
647 2302 747 2378 linea
780 2301 1049 2403 longitudinali
1083 2303 1304 2407 ferruginea

237 2427 358 2501 rarius
393 2424 514 2525 nigra,
548 2421 776 2524 punctisque
809 2423 956 2497 duobus
989 2437 1075 2498 ante
1108 2426 1302 2527 clypeum,

236 2546 357 2622 rarius
380 2543 420 2618 in
441 2543 582 2640 lineam
602 2544 888 2618 transversalem
909 2541 1141 2645 conjunctis,
1171 2545 1302 2646 nigris,

236 2663 538 2741 mandibularum
557 2661 668 2763 apice
687 2661 813 2762 uigr0;
840 2663 980 2738 femina
1002 2665 1127 2765 capite
1147 2664 1210 2739 vel
1224 2663 1305 2740 ier·
1371 2677 1373 2682 '

238 2784 414 2885 rugiueo,
442 2780 792 2861 orbitisoculorum
813 2783 1058 2859 dilatioribus
1077 2799 1143 2858 aut
1163 2782 1305 2857 subfla-

237 2901 466 2991 vicantibus,
493 2900 555 2976 vel
568 2901 670 2991 rufe,
698 2901 798 2978 linea
820 2903 1087 3006 longitudinali
1109 2901 1221 2977 faciei
1242 2903 1306 2977 ni-

187 3063 191 3072 ·
237 3047 320 3123 gm3
347 3019 575 3096 mandibulis
592 3047 750 3124 ¹semper
779 3023 886 3126 apice
915 3023 1043 3124 nigris.
1097 3024 1306 3100 Antennoc

236 3142 375 3219 fulvae.
431 3141 598 3217 Thorax
611 3142 730 3216 rarius
750 3142 830 3218 fere
851 3157 954 3220 totus
967 3141 1092 3230 rufus,
1121 3141 1306 3244 utpluri-

237 3287 340 3335 mum
364 3260 455 3334 colli
474 3258 671 3350 lateribus,
699 3278 873 3363 pectore,
900 3265 1046 3338 macula
1066 3261 1205 3338 dorsali
1220 3289 1305 3338 me-

236 3379 442 3454 tathoracis
461 3379 606 3481 majore
625 3382 833 3471 minoreve,
861 3397 1004 3485 puncto
1026 3409 1091 3458 seu
1113 3380 1214 3458 linea
1234 3382 1303 3458 ab·

237 3499 407 3578 breviata
436 3513 523 3574 ante
550 3498 710 3588 collum,
737 3497 965 3604 punctisque
992 3501 1214 3590 nonnullis,
1232 3529 1303 3578 seu

236 3620 402 3712 macula,
430 3619 476 3694 ad
505 3618 625 3695 latera
651 3617 835 3709 thoracis,
865 3621 1000 3722 nigris3
1033 3620 1153 3697 rarius
1180 3637 1303 3696 meta-

235 3737 393 3814 thcracc
419 3753 504 3814 toto
527 3737 651 3839 nigro,
678 3739 867 3814 rarissime
892 3738 983 3829 boc,
1010 3755 1183 3843 pectore,
1210 3765 1303 3842 pro·

234 3856 476 3963 thoracisque
515 3857 717 3948 lateribus,
754 3857 848 3934 totis
880 3857 1010 3960 nigris.
1082 3859 1304 3938 Scutellum

215 3978 373 4059 ¹rutum.
399 3975 838 4082 Alaefulrohyaliuam
864 3979 1304 4084 stigmateradioradicc
