2668 4626
205 243 279 313 198
659 251 824 306 stuata
1320 287 1321 335 ,

206 417 331 500 Pedes
375 415 583 496 anterioses
620 414 855 506 albidoflavi,
900 414 1087 519 unguibus
1132 415 1256 494 luscis
1270 431 1321 506 ;.‘

204 537 344 644 postici
364 537 467 614 coxis
487 552 527 616 ct
548 535 901 626 femoribustutvis,
927 536 1008 616 illis
1028 563 1169 612 summa
1183 537 1286 612 basi
1321 542 1322 608 l

205 659 265 735 his
290 683 435 734 summo
461 657 569 759 apice
594 658 818 758 plerumque
845 654 1133 758 nigricantibus,
1158 655 1285 732 tibiis

207 779 320 868 albis,
348 778 456 880 apice
470 792 508 852 et
522 791 608 851 ante
621 776 728 850 basin
745 775 877 877 nigris,
904 775 1015 852 tarsis
1032 777 1164 878 nigris,
1183 774 1283 850 basi
1322 794 1323 832 l

207 899 453 976 articulorum
479 896 621 986 albida,
655 923 722 972 seu
746 895 860 986 albis,
887 896 996 999 apice
1019 897 1283 972 articulorum

207 1019 327 1121 nigro.
366 1015 569 1097 Abdomen
589 1015 839 1118 cylindricum
855 1014 1282 1116 autsubcylindricum,
1323 1048 1324 1070 κ

206 1138 362 1216 thorace
377 1137 538 1237 longius,
562 1135 750 1212 interdum
764 1137 851 1242 plus
869 1135 988 1236 duplo
1001 1134 1162 1237 longius,
1183 1133 1284 1236 ejus

207 1274 332 1336 autem
359 1254 571 1334 latitudine.
660 1325 663 1332 ,

286 1377 481 1476 Quosdam
501 1399 622 1450 mares
642 1371 737 1475 legi,
764 1399 892 1450 mense
905 1373 1013 1462 Iulii,
1039 1373 1140 1449 circa
1165 1375 1207 1453 V
1205 1401 1283 1452 ro-

208 1501 425 1588 bislooicm,
453 1495 493 1570 in
515 1493 680 1596 gramine
701 1509 741 1569 et
759 1493 967 1582 fruticetis,
993 1492 1060 1568 alii
1082 1495 1277 1586 nonnulli,

209 1618 250 1693 in
274 1617 410 1698 Gallio
428 1615 636 1716 Hungorio
656 1627 696 1692 ct
713 1613 884 1694 Gallicis
904 1614 1021 1716 capti,
1049 1612 1143 1688 mihi
1163 1613 1277 1690 missi

82 1771 84 1776 ’
211 1752 308 1819 sunt.

520 2131 576 2200 95.
618 2123 655 2190 Ρ.
669 2119 884 2213 ,nunnus
927 2143 963 2188 n.

414 2293 523 2360 Labro
549 2291 644 2377 alb03
677 2289 817 2381 pedibus
842 2287 959 2372 fulvis,
992 2290 1084 2357 tibiis
1110 2292 1273 2382 tersisque

412 2391 550 2483 posticis
580 2393 863 2482 nigrovariegatis.
903 2416 949 2460 m.

288 2563 456 2642 Statura
489 2579 528 2640 et
554 2563 704 2641 habitus
733 2563 938 2668 Ephialtes
969 2570 1114 2655 inanis,
1147 2593 1272 2670 aquo

212 2697 337 2759 autem
358 2683 451 2761 haec
471 2683 616 2786 species
642 2685 841 2760 abdomine
873 2684 989 2787 magis
1014 2687 1269 2777 tuberculos0,

213 2803 413 2904 segmentis
429 2803 682 2896 brevioribus,
707 2806 811 2880 tibiis
831 2806 965 2880 anticis
986 2805 1086 2880 haud
1113 2810 1275 2884 arcuatis

211 2922 358 3010 differt,
387 2924 543 3026 propius
569 2926 750 3002 accedens
772 2925 818 2998 ad
837 2926 1132 3002 antecedentem.

288 3044 510 3143 Longitudo
530 3043 609 3120 fere
633 3054 655 3124 8
676 3045 872 3121 linearum.
926 3048 1055 3147 Caput
1075 3046 1198 3149 palpis
1219 3045 1276 3122 la-

212 3162 281 3258 bpo
310 3177 350 3238 et
370 3165 598 3240 mandibulis
628 3165 738 3256 albis,
772 3164 830 3240 his
857 3163 965 3266 apice
986 3179 1025 3241 et
1045 3163 1125 3240 basi
1144 3167 1271 3243 fuscis.

212 3284 415 3360 Antennue
441 3309 601 3386 corpore
622 3285 780 3361 dimidio
801 3285 918 3387 paulo
941 3284 1149 3386 longiores,
1185 3309 1274 3386 por-

213 3417 356 3492 rectae,
382 3401 526 3494 suscae,
554 3403 715 3480 articulo
731 3414 751 3484 1
768 3405 898 3481 subtus
913 3405 1053 3480 albid0.
1108 3406 1276 3482 Thorax

214 3521 613 3623 gibbulocylindricus.
642 3526 746 3602 Alae
757 3525 965 3602 mediocres
980 3523 1165 3626 hyalinae,
1182 3525 1274 3626 stig-

214 3639 313 3716 mate
327 3657 366 3714 et
379 3644 485 3718 radio
497 3645 632 3746 piceis,
650 3645 775 3722 radice
790 3661 830 3721 et
843 3644 1040 3748 squamula
1055 3641 1274 3719 stramineo-

214 3757 328 3848 albis;
356 3762 481 3838 areola
500 3763 645 3842 minuta
658 3781 866 3842 transversa
888 3765 1150 3868 subpetiolata.
1204 3765 1273 3842 Pe-

216 3877 283 3978 des
302 3881 510 3958 mediocres
531 3884 777 3987 subgraciles3
804 3887 1012 3962 anteriores
1025 3885 1269 3976 albido-flavi,

214 3996 420 4080 femoribus
445 4027 557 4106 supra
581 4004 712 4096 fulvis,
742 4001 935 4108 unguibus
962 4005 1097 4107 nigris,
1132 4004 1267 4106 postici
