2744 4628
291 195 392 250 snm.
421 181 484 264 lx,
517 199 634 254 saer.
664 199 703 251 rr.
731 201 941 253 rourzon.
1071 183 1149 258 ess

79 357 326 472 seruauere,
358 361 603 466 sequentibus
626 363 760 466 nigris,
792 362 1029 444 4.rarissime
1044 366 1147 444 late-

79 481 189 558 ribus
206 483 319 569 rutis3
341 477 519 582 feminae
542 483 604 560 vel
626 481 808 586 segmenti
826 493 853 560 2
872 484 1056 588 margine,
1080 487 1145 564 rel

80 617 362 704 segmentornrn
374 609 489 680 2—6
503 617 633 678 ventre
648 602 924 704 lateribusque,
951 603 1145 682 rufescen-

78 722 199 798 tibus.
259 723 431 800 Aculeus
462 721 525 798 vel
550 736 694 813 rectus,
733 718 944 798 abdominis
976 725 1145 828 longitu-

80 841 191 931 dine,
217 841 281 917 vel
301 855 641 933 sursumcurvatus,
668 839 833 917 dimidio·
848 839 1146 920 abdominelon-

80 985 180 1064 gror.

161 1079 277 1156 Maris
296 1074 533 1154 individuum
553 1080 639 1185 cepi
667 1079 768 1156 cirea
789 1079 1038 1183 Gottingam,
1067 1083 1143 1160 alia

81 1200 267 1302 quaedam
280 1197 375 1299 legit
389 1200 560 1300 Munger
577 1199 678 1275 eirca
696 1199 965 1280 Warmbrunn.
1018 1202 1146 1278 Femi-

83 1345 172 1396 nam
193 1319 462 1398 berolinensem
481 1318 559 1398 vidi
577 1318 618 1394 in
637 1345 769 1398 museo
788 1321 945 1422 Klugii3
975 1321 1143 1415 alteram,

83 1463 244 1540 eamque
269 1437 470 1529 minorem,
509 1436 718 1516 abdominis
746 1439 927 1518 lateribus
954 1441 1146 1521 rufescer-

82 1559 205 1648 tibus,
239 1561 378 1636 Comes
405 1585 431 1636 o
449 1556 701 1662 Ktienburge
722 1559 931 1664 Hungario
950 1559 1066 1636 misit.

161 1807 197 1880 2.
223 1795 448 1877 Femoridus
466 1796 641 1877 omnibus
662 1803 757 1878 totis
776 1795 885 1900 rufis.
912 1797 941 1874 f.
967 1837 1020 1858 -
1051 1797 1146 1876 Gae-

84 1932 167 1994 tera
193 1919 293 1995 sicut
312 1917 354 1992 in
372 1917 523 1994 leminis
542 1917 719 2022 plurimis
745 1916 930 2022 genuinis.

163 2038 289 2114 Unum
326 2037 564 2116 individuum
595 2043 786 2142 Monger,
834 2065 922 2118 eum
959 2037 1146 2141 genuinis,

84 2155 188 2234 eirca
218 2155 480 2237 Worrnbrunn
501 2157 615 2262 cepit.

165 2403 199 2476 8.
226 2396 395 2477 Pedibus
409 2403 595 2488 testaceis,
623 2400 737 2476 coxis
745 2399 887 2500 fuscis.
915 2395 941 2471 f.
970 2435 1022 2454 -
1045 2395 1148 2474 Lon-

84 2515 225 2618 gitudo
254 2527 274 2597 1
301 2519 442 2612 lineae,
476 2518 540 2596 vel
562 2517 679 2622 paulo
706 2517 867 2620 longior.
928 2520 1057 2617 Caput
1081 2539 1148 2590 ore

86 2635 316 2738 ferrugineo.
376 2641 579 2718 Antemnae
602 2637 764 2714 articulo
795 2645 814 2716 1
839 2637 968 2712 subtus
988 2632 1150 2736 ferrug-

88 2781 174 2832 neo.
227 2759 331 2834 Aloe
361 2757 468 2834 radio
501 2773 541 2836 et
569 2757 744 2859 stigmate
769 2753 889 2858 piceis
921 2769 987 2830 aut
1019 2752 1148 2843 fuscis,

86 2873 216 2953 radice
241 2876 383 2978 pallide
396 2921 415 2938 ·
428 2878 644 2967 straminea,
679 2875 875 2978 squamnla
899 2887 1065 2950 vtestacea
1083 2885 1150 2948 aut

87 2994 317 3098 fuscopieea.
370 2997 494 3078 Pedes
513 2993 926 3085 testaceo-straminei3
960 2992 1066 3068 coxis
1090 2992 1150 3068 ni-

88 3115 166 3217 gm’s
194 3131 261 3190 aut
284 3115 418 3207 luscis,
453 3117 589 3194 antieis
610 3139 879 3216 nonnunquam
906 3114 1009 3190 rufis.
1068 3108 1151 3189 Ab·

88 3235 228 3316 aionien
241 3251 435 3338 segmento
448 3247 475 3316 2
489 3238 601 3312 dorso
615 3233 952 3336 luscoferrugineo
979 3233 1150 3309 Aculeus

88 3355 153 3432 vin
173 3357 372 3433 abdomine
398 3357 596 3461 paululum
620 3355 783 3457 longior.

165 3477 285 3552 Unam
299 3475 477 3554 feminam
491 3503 537 3555 ex
554 3478 722 3554 Etruria
734 3473 875 3576 accepi,
902 3472 1058 3548 alteram
1072 3467 1150 3546 vidi

88 3595 263 3675 Berolini
288 3597 329 3672 in
348 3621 480 3674 museo
503 3597 650 3696 Klugii.

167 3841 202 3915 4.
230 3833 457 3914 Femoribus
468 3841 604 3939 nigris,
624 3826 881 3912 anterioribus
895 3832 1003 3932 apice
1012 3827 1150 3931 sulcis.

88 3981 141 4031 m.
156 3954 184 4030 l.
206 3997 258 4014 -
283 3955 507 4058 longitudo
525 3956 652 4058 1¹s,·-
665 3949 994 4034 ferentinearum.
1024 3951 1154 4052 capnt

145 4087 231 4146 rann.
243 4091 355 4161 Europ.
372 4091 441 4146 aar·
462 4089 520 4144 111.
843 4070 893 4144 50
