2744 4628
469 179 748 242 enutritura,

157 581 288 684 Caput
301 574 416 656 breve
430 592 702 660 transversum.
715 577 897 662 *Oculi
914 577 1136 658 renilormes

76 697 185 804 juxta
204 715 404 774 antennam
430 699 660 802 emarginati.
687 738 741 756 --
763 698 966 778 Antennae
991 701 1138 804 apicem

76 845 207 896 versus
222 817 446 894 incrassatae
461 816 891 922 compressiusculue.—
903 819 996 898 Oris
1006 837 1140 925 portes

76 938 200 1014 fusius
220 937 431 1042 descriptae
451 939 597 1014 suntin
616 953 704 1014 nota
717 941 764 1016 ad
781 943 829 1016 H.
849 941 1071 1043 elegantem.
1085 985 1139 1000 ··-

79 1059 249 1137 Thorax
261 1057 408 1160 gibbus.
427 1099 481 1118 -
504 1059 718 1138 Scutellum
734 1060 1037 1164 subquadratum‚
1059 1061 1140 1166 api-

80 1206 164 1256 cem
193 1203 323 1256 versus
354 1177 494 1254 sensim
520 1179 647 1280 paulo·
669 1195 916 1282 angustatum.
954 1223 1006 1246 .-
1030 1185 1141 1270 Aloe

79 1297 309 1388 mediocres,
342 1295 469 1374 areola
488 1298 612 1390 nulla,
641 1299 782 1378 cellula
802 1301 1139 1378 interioreucrvos

81 1420 176 1496 duos
194 1433 429 1496 recurrentes
443 1416 674 1521 excipiente,
701 1445 835 1511 nervo,
863 1420 929 1523 qui
952 1419 1048 1496 hanc
1062 1423 1141 1500 cel-

80 1540 200 1616 lulam
219 1538 266 1615 ah
286 1536 472 1616 exteriore
495 1535 677 1640 sejungit,
708 1541 906 1644 ungulato,
938 1540 1077 1642 angulo
1099 1540 1142 1618 iu

82 1658 262 1736 cellulam
283 1655 509 1734 exteriorem
527 1658 725 1760 producto.
753 1701 808 1718 -
838 1657 961 1738 Pedes
986 1659 1141 1762 subgra-

83 1781 177 1856 ciles
203 1776 453 1878 subelougati.
486 1819 540 1837 -
564 1775 766 1860 Abdomen
790 1778 1016 1883 petiolatum
1038 1804 1142 1856 ccm-

82 1923 269 2002 pressum,
301 1895 457 1972 thorace
484 1897 608 1974 multo
632 1900 824 2002 angustius
850 1915 891 1976 et
914 1900 1000 2002 plus
1021 1899 1142 2003 duplo

82 2017 251 2123 longius,
277 2015 385 2095 laeve
403 2015 577 2108 nitidum,
604 2017 718 2104 dorso
735 2019 959 2110 carinatum,
988 2019 1143 2098 alatere

81 2139 204 2218 visum
228 2137 374 2242 apicem
399 2161 527 2214 versus
562 2133 762 2216 altitudine
789 2139 927 2216 sensim
955 2165 1140 2216 crescens.

83 2261 323 2363 Segmentum
337 2256 502 2359 primum
513 2256 686 2356 longum3
704 2259 766 2335 vel
781 2257 1039 2348 subfililorme‚
1059 2259 1142 2361 api-

83 2405 167 2455 cem
193 2403 323 2456 versus
349 2376 486 2454 sensim
511 2374 728 2468 dilatatum
765 2381 828 2454 vel
854 2377 1141 2482 lagenaeforme,

82 2511 192 2601 parte
218 2495 342 2572 antica
372 2494 641 2598 subquadrata,
682 2494 884 2574 latitudine
913 2496 1030 2599 paulo
1057 2496 1144 2570 lon-

83 2617 206 2719 giore,
233 2614 406 2694 breviore
419 2630 458 2690 at
472 2614 590 2717 duplo
608 2615 746 2694 latiore
765 2643 878 2722 qnam
897 2615 1078 2720 petiolas.
1092 2658 1144 2674 -

82 2738 254 2816 Aculeus
272 2735 336 2812 vix
362 2735 613 2812 subexsertus.

160 2857 243 2932 Hoc
270 2881 386 2958 genus
414 2851 586 2932 antennis
614 2852 770 2930 clavatis
790 2853 836 2928 ab
858 2853 1033 2932 omnibus
1052 2853 1146 2934 reli·

77 2975 170 3080 ¹quis
193 2973 534 3053 Ichneumonidum
549 2974 747 3078 generibus
762 2973 902 3051 differt
955 2978 1147 3052 Antenna-

83 3119 186 3172 rum·
216 3094 323 3172 nulla
367 3093 497 3171 habita
547 3092 694 3172 ratione
713 3093 862 3170 'autem
907 3093 1147 3201 Ophionides

83 3213 256 3320 proxime
282 3214 618 3320 adpropinquaret,
651 3211 787 3318 quibus
808 3237 960 3316 quoque
985 3215 1147 3294 Hellwi·

84 3335 146 3438 gia
171 3335 266 3412 olim
285 3333 528 3433 subordiuuta
547 3347 640 3410 erat.
712 3329 964 3410 Goulerautur
983 3359 1079 3436 quae
1099 3333 1147 3408 ad

85 3458 326 3561 Crypturos,
350 3457 522 3547 Arctos,
547 3455 823 3559 Compopleges
836 3451 1036 3556 etreliqua
1058 3451 1147 3528 sub-

84 3599 222 3676 gcuera
243 3575 463 3680 Ophionnm
486 3571 630 3652 monui.

448 3849 750 3869 -μ-ι-Δ-Ι-ᾱ
