2814 4630
437 257 538 312 rum.
568 243 631 325 v1,
667 261 784 314 seor.
814 263 862 313 vr.
1104 253 1183 328 209

116 419 324 526 Voluynio
337 421 449 502 umbo
459 437 570 504 'sexus'
584 421 631 500 ad
644 451 705 508 me
717 425 924 512 tmuemis'si
945 443 1046 506 sunt.
1097 431 1183 514 siu..

112 543 224 645 gulas
257 541 417 620 feminus
451 543 528 645 legi
560 569 690 622 mense
721 545 822 623 Iulio
855 546 956 625 circs
988 547 1183 644 Oedelem,

113 689 306 766 unumque
321 689 342 740 e
356 661 613 764 Nortmterga
627 664 769 766 europi.
822 665 947 746 Mares
968 667 1081 771 hujus
1096 697 1183 776 spe·

114 781 191 862 oiei
205 781 356 858 feminis
369 797 459 860 sunt
471 782 766 886 frequentiorem
793 801 944 886 praeter
960 788 1066 880 illos,
1091 807 1181 880 eum

114 900 269 978 feminis
283 918 425 1005 captos,
453 901 583 1005 plures
596 903 674 1006 legi
689 903 858 1006 singulos
872 896 1012 1010 passim
1028 911 1068 996 in
1080 911 1182 1002 Saga

111 1028 190 1112 sio,
216 1047 287 1096 neo
301 1047 379 1096 non
392 1021 491 1098 circu
506 1024 732 1127 Trujeetum
747 1025 802 1109 ud
817 1027 859 1106 V
855 1027 1025 1122 iodrum,
1050 1030 1182 1118 Helm-

111 1142 306 1231 studium,
332 1139 533 1232 Oedelem,
558 1144 840 1236 Burterodum,
864 1148 1070 1252 pluresque
1084 1149 1179 1227 mihi

113 1263 223 1340 missi
258 1275 362 1352 suut,
402 1261 443 1337 in
473 1262 695 1368 Hercynia,
732 1264 833 1341 circe
865 1271 1093 1373 Trujectum
1125 1271 1181 1358 od

113 1385 322 1472 Moenum,
359 1381 680 1473 Sicterstuusen,
718 1383 910 1477 Genuam,
950 1392 1181 1484 Taurinum,

113 1505 325 1592 Parmam,
354 1503 620 1594 Florentium,-
648 1518 688 1580 et
722 1503 761 1582 in
784 1506 949 1606 Regioue
972 1509 1181 1590 Pedemon·
1311 1569 1313 1580 ,

113 1638 348 1728 sanansque
369 1625 521 1702 Tauria
542 1622 645 1700 lecti.

501 1880 789 1959 Varietatesz

197 2027 234 2109 1,
260 2015 841 2098 Trochunteribusoelomnibus
861 2019 979 2122 rufis,
1005 2007 1183 2104 velante-

113 2135 425 2232 rioribusfluois.
452 2163 502 2212 m.
530 2179 583 2193 —-
606 2139 779 2244 Reliquis
793 2141 1079 2221 notishimares
1093 2144 1182 2248 plu-

112 2257 222 2336 rimis
237 2256 410 2360 genuinis
425 2258 664 2358 respondent.

192 2378 495 2468 Iudividuorum,
521 2377 824 2456 trochunteribus
844 2382 952 2472 rufis,
980 2381 1061 2458 basi
1076 2397 1183 2460 unte-

113 2499 280 2590 riorum,
307 2497 499 2576 rarissime
511 2524 663 2602 quoque
683 2527 826 2576 summu
841 2499 921 2576 basi
937 2503 1181 2603 postioorum,

114 2619 237 2720 nigra,
263 2620 335 2694 triu
351 2619 451 2722 cepi,
478 2619 669 2696 mensibus
683 2618 778 2724 Maii
792 2620 890 2696 Iunii
907 2635 946 2697 et
959 2623 1060 2713 Iulii,
1082 2623 1182 2700 circa

115 2739 375 2830 Scheiduiclt,
401 2740 629 2840 Gottiugum
655 2754 694 2816 et
720 2740 921 2831 Oedelem,
948 2740 987 2816 in
1013 2741 1183 2832 frutetis;

114 2875 311 2965 quartum,
336 2887 541 2962 genuense,
567 2887 591 2936 α
611 2859 775 2963 Spinolu
796 2861 1014 2937 transmisit.
1041 2906 1094 2919 —
1119 2864 1185 2937 In·

115 2981 360 3057 dividuorum
411 2979 714 3057 trochanteribus
766 2981 1017 3058 anterioribus
1064 2981 1183 3072 flavis,

115 3101 276 3204 posticis
295 3101 429 3204 nigris,
454 3101 531 3176 duo
552 3100 637 3204 cepi
665 3101 765 3176 circu
789 3101 1072 3194 Wurmbrunn‚
1097 3127 1184 3179 oum

115 3247 304 3324 genuinis.

195 3439 231 3508 2.
260 3429 627 3532 Abdominesusco‚
651 3427 812 3531 pedibus
830 3425 1089 3518 anterioribus
1097 3427 1184 3524 flu-

118 3555 196 3639 vis,
223 3549 328 3628 tibiis
345 3558 506 3654 posticis
525 3547 782 3628 tricoloribus.
808 3574 858 3624 m.
886 3592 939 3605 —
964 3548 1184 3651 Longitudo

114 3667 199 3743 sere
218 3677 244 3746 2
264 3669 462 3747 linearum.
515 3672 719 3750 Autenuue
736 3669 878 3746 tuscie.
933 3671 1036 3748 Aloe
1061 3668 1185 3770 hyali-

115 3814 208 3877 nue,
237 3789 411 3893 stigmate
431 3805 471 3868 et
491 3791 599 3867 radio
617 3789 754 3880 fuscis,
780 3789 906 3890 radice
927 3804 968 3864 et
988 3788 1185 3890 squamulu

114 3906 271 3984 albidis.
332 3911 456 3991 Pedes
483 3912 690 3998 anteriores
715 3908 997 4013 pallide-flevi,
1031 3906 1187 3982 femori-

111 4027 484 4123 humilate-fulvis,
510 4033 614 4107 conis
629 4031 764 4120 mediis
777 4029 1019 4132 fusconigeis3
1046 4026 1184 4130 postici

185 4163 272 4220 lehn.
285 4167 395 4240 Europ.
409 4167 480 4221 Pers
494 4167 552 4222 111.
870 4157 917 4230 14
