2744 4628
228 198 306 272 746
674 213 841 268 cruror
897 279 900 288 Ι

646 375 883 454 Varietas:

307 525 338 595 1.
366 511 593 592 Femoribus
614 519 774 615 posticis
802 519 898 591 totis
924 513 1043 614 rufis,
1058 517 1175 616 socie
1201 534 1296 598 toto

228 645 352 738 nigra.
374 635 401 710 f.
423 677 476 692 -
494 625 793 734 LongitudoSV,
814 633 1011 710 linearum.
1042 639 1172 739 Caput
1186 639 1295 715 orbi-

227 773 349 832 tarum
368 753 588 830 frontalium
609 752 847 828 verticalium
863 767 903 829 et
916 754 1179 855 occipitalium
1195 773 1296 834 stra-

132 879 135 885 “
226 877 434 952 minearum
454 871 627 974 vestigio
680 871 803 950 Pedes
821 873 961 974 postici
984 873 1193 952 femoribus
1211 894 1294 954 tar-

227 997 277 1074 sis
288 994 468 1096 tibiisque
480 993 589 1081 rufis,
615 988 675 1066 his
696 993 779 1069 solo
794 993 903 1095 apice
918 994 1208 1074 summoluscis.
1237 1044 1294 1060 -

226 1119 383 1192 Caetera
396 1113 559 1188 feminae
572 1112 756 1213 genuinae
770 1111 1011 1214 respondent.

302 1237 407 1310 Hanc
420 1231 637 1308 varietatem
650 1231 821 1310 Bessere
836 1233 880 1311 V
875 1231 1040 1336 ollzynic
1051 1233 1167 1311 misit

509 1649 581 1712 160·
625 1637 663 1704 C.
685 1631 917 1708 INFIRMUS.
958 1661 993 1703 n.

422 1807 564 1872 Pedibus
586 1805 684 1885 rufis,
714 1806 805 1886 coxis
826 1818 860 1876 et
881 1805 1148 1876 trochantenihns
1170 1811 1288 1898 posti-

423 1909 470 1974 cis
491 1908 596 1996 nigris
619 1909 711 1996 apice
733 1919 892 1993 testaceo,
922 1909 1012 1975 tibiis
1040 1912 1180 1999 posticis
1211 1913 1287 1980 basi

422 2010 579 2098 apieeque
617 2008 734 2093 fuscis3
780 2033 838 2077 ore
876 2019 910 2078 et
949 2011 1068 2079 orbitis
1106 2012 1286 2081 oculorum
1357 2065 1358 2070 η

419 2109 522 2180 flavis.
563 2133 611 2179 m.
631 2111 657 2179 f.

295 2318 466 2396 Statura
480 2316 596 2421 paulo
617 2315 796 2420 gracilior
807 2341 920 2420 quam
933 2313 974 2392 in
989 2317 1116 2421 specie
1129 2333 1286 2400 antece-

217 2441 348 2527 dente3
373 2438 527 2514 aculeus
541 2436 657 2541 paulo
672 2437 833 2541 longior.

294 2557 517 2658 Longitudo
542 2558 654 2635 maris
683 2558 748 2634 vix
777 2559 875 2635 ultra
901 2567 928 2638 2
954 2558 1090 2650 lineas,
1117 2559 1283 2640 feminac

217 2679 284 2782 27,
315 2680 512 2754 linearum.
576 2683 706 2780 Caput
738 2703 805 2753 ore
838 2679 978 2780 clypeo
1012 2696 1052 2756 et
1081 2681 1282 2756 oculorum

217 2800 352 2878 orbitis
368 2799 560 2888 omnihus,
587 2798 704 2872 flavis.
759 2800 963 2875 Antennue
982 2799 1179 2875 filisormes
1195 2827 1280 2902 gra-

217 2923 310 2997 ciles
325 2934 509 3009 curvatae,
533 2917 690 2993 dimidio
705 2942 865 3020 corpore
878 2918 1081 3020 longiores.
1109 2919 1280 2997 Thorax

215 3037 646 3145 gibbulo-cylindricus.
674 3037 778 3114 Aloe
792 3036 1001 3114 mediocres
1017 3038 1277 3142 subhyalinae,

214 3165 389 3263 stigmate
404 3173 444 3234 et
459 3157 564 3232 radio
578 3156 857 3258 fusco-piceis,
884 3159 1011 3236 radice
1027 3175 1067 3236 et
1080 3163 1277 3264 aquamola

213 3279 424 3359 stramineis
438 3293 503 3352 aut
515 3276 633 3354 flavis.
665 3275 789 3353 Pedes
801 3277 972 3378 graciles,
992 3280 1065 3356 rufi
1082 3295 1147 3355 aut
1160 3296 1276 3357 testa-

212 3401 290 3492 cei3
310 3397 425 3477 antici
440 3395 744 3472 trochauteribus
757 3396 839 3474 basi
854 3396 1162 3490 lassescentibus,
1178 3401 1273 3476 mari

138 3569 142 3580 ·
211 3520 315 3598 conis
343 3515 422 3594 basi
450 3515 739 3618 nigricantibus,
765 3514 871 3590 tibiis
898 3518 1032 3593 mediis
1061 3533 1272 3595 extrorsum

209 3634 509 3730 obscurioribus3
534 3635 672 3740 postici
691 3626 794 3710 coris
824 3647 864 3711 et
890 3635 1191 3713 trochanteribus
1213 3638 1272 3713 ni-

208 3760 295 3863 gris,
322 3757 428 3862 apice
445 3756 655 3833 stramiueis
670 3769 735 3830 aut
748 3757 934 3845 testaceis,
962 3757 1082 3844 tarsis,
1109 3783 1179 3833 uec
1193 3781 1270 3833 non

208 3879 386 3974 tibiarum
413 3876 520 3978 apice
553 3889 593 3952 et
622 3875 720 3964 basi,
755 3873 1140 3966 subfuscescentibus,
1174 3879 1267 3952 mari

207 3997 412 4078 femoribus
441 3997 548 4072 basin
577 4021 705 4072 versus
733 3993 859 4072 luscis.
914 3995 1114 4074 Abdomen
1142 3997 1266 4100 capite
