2652 4628
215 405 382 466 attamen
407 389 593 492 genuinae
620 387 663 468 in
686 387 853 468 feminea
877 391 1095 493 parallelus
1120 391 1298 468 varieta-

210 527 311 602 tem,
352 507 457 590 coxis
497 508 658 614 posticis
697 510 1023 613 nigromaculatis,
1069 499 1301 590 ιιιϊιιιοεειιιιι.ἶ

216 624 458 709 Indiuiduum
474 631 790 735 pedemontanam
812 645 936 708 autem
945 687 956 724 ,
983 631 1158 708 omnium
1174 632 1299 707 mini·

215 775 337 844 mum,
371 751 526 828 thorace
552 749 634 828 iere
659 764 745 826 toto
775 750 901 854 nigro,
936 750 1089 830 scutelli
1115 739 1302 852 margines

216 866 367 950 laterali
399 871 545 976 pallido
577 869 877 962 obsoletissimo,
919 885 1114 973 segmento
1148 885 1296 972 quarto

217 991 321 1082 ruso,
347 991 514 1069 medium
536 1007 643 1068 tenet
664 991 765 1070 inter
792 990 889 1068 hanc
911 989 1078 1094 speciem
1100 993 1295 1094 etcyiin·

214 1113 431 1203 ductorum,
453 1141 489 1188 u.
504 1113 568 1191 58»
587 1141 591 1155 ·
621 1110 793 1188 variatas
807 1110 993 1214 descripta
1010 1125 1137 1187 autem
1153 1109 1293 1186 colore

214 1229 454 1308 mansuum
473 1231 562 1310 cum
578 1229 855 1338 aytindmmre
871 1232 1067 1322 convenit,
1095 1230 1166 1306 sed
1184 1239 1304 1330 mag-³

217 1351 389 1430 nitudine
411 1367 450 1428 et
471 1351 658 1455 imprimis
676 1351 838 1460 pedibus
851 1352 976 1434 multo
988 1350 1236 1458 longioribus
1253 1361 1292 1428 et

216 1469 478 1575 gracilioribus
492 1471 634 1551 differt.
669 1467 671 1472 ¹
1304 1458 1305 1474 ¹

213 211 264 282 88
662 224 828 276 erupta

526 1921 578 1990 rs.
623 1916 662 1984 c.
683 1915 893 1984 arrosus.
936 1937 971 1982 n.
1072 1873 1074 1878 ’
1149 1885 1152 1892 ’

418 2117 617 2186 Abdominis
639 2119 761 2201 medio,
783 2119 877 2186 tibiis
898 2115 1158 2203 femoribusque,
1185 2115 1284 2196 rufis;

419 2219 536 2287 orbitis
564 2219 741 2288 oculorum
767 2221 924 2302 internis,
953 2217 1110 2286 tibiarum
1131 2221 1286 2311 postica-

414 2323 595 2404 sambuci,
620 2321 752 2392 scuteili
773 2324 883 2413 apice,
906 2321 1010 2392 flavis.
1052 2343 1098 2390 m.

288 2560 458 2637 Statura
479 2575 518 2638 et
539 2563 739 2667 proportio
755 2564 920 2668 partium
937 2553 1040 2641 sicut
1057 2563 1099 2637 in
1111 2560 1281 2638 maribus

214 2679 425 2780 specierum
440 2683 598 2760 duarum
612 2685 934 2776 antecedentium
947 2683 1149 2762 abdomine
1161 2681 1283 2786 paulo

212 2797 398 2876 breviore.

289 2922 511 3023 Longitudo
533 2929 558 3002 4
579 2925 775 3002 linearum.
832 2930 961 3028 Caput
986 2921 1125 2998 orbitis
1143 2921 1280 2996 oculo-

211 3067 295 3118 rum
316 3043 476 3120 internis
496 3057 539 3120 et
558 3061 665 3148 parte
688 3059 927 3124 externarum
952 3043 1072 3120 flavis.
1126 3041 1280 3119 Scutel·

213 3166 291 3240 ium
305 3163 413 3265 apice
428 3167 537 3243 flavo,
593 3163 1075 3268 Aluefumato-byalinae,
1103 3155 1280 3263 stigmate

212 3297 252 3357 et
263 3284 369 3360 radio
383 3285 519 3377 fuscis,
548 3287 675 3363 radice
694 3301 733 3362 et
754 3285 950 3389 squamulae
969 3279 1124 3369 albidis;
1150 3279 1278 3356 areola

211 3402 386 3501 regulari,
406 3402 749 3511 longe-petiolum.
792 3405 916 3482 Pedes
927 3403 1142 3490 diluterufi3
1170 3399 1276 3476 coxis

211 3522 344 3624 nigris,
372 3527 507 3600 anticis
523 3529 654 3604 subtus
669 3526 817 3604 macula
830 3527 943 3613 flava3
969 3521 1276 3600 trochanteribus

211 3641 344 3744 nigris,
385 3645 636 3722 anterioribus
671 3646 802 3722 subtus
835 3643 982 3721 macula
1017 3643 1130 3731 Πᾶνες
1169 3635 1273 3716 ‘tibiis

125 3841 128 3849 ,
208 3763 365 3864 posticis
385 3763 491 3839 basin
514 3791 643 3842 uersus
669 3764 794 3854 flavis3
821 3763 931 3840 tarsis
960 3761 1118 3865 posticis
1144 3759 1271 3845 fuscis,

209 3883 371 3958 articulo
389 3893 406 3962 1
423 3884 530 3960 basin
547 3911 674 3964 versus
689 3884 788 3961 ruso.
830 3884 1033 3964 Abdomen
1047 3881 1173 3984 capite
1186 3879 1271 3955 tho-

207 4029 367 4108 raceque
385 4004 536 4110 longius
558 4021 597 4085 et
624 4006 835 4111 angustius,
863 4001 1267 4108 linearicylindricunu
