2726 4634
239 210 314 284 378
402 295 407 310 ,
646 227 864 278 arnonus

237 393 331 498 gris,
358 394 421 470 vel
434 391 480 514 2)
496 389 746 468 anterioribus
761 390 877 469 fulvis
890 385 971 468 hasi
988 393 1110 497 nigra,
1137 398 1295 500 posticis

236 514 351 618 nigris
380 513 488 616 apice
513 510 638 602 fulvo„
679 513 742 588 vel
770 513 814 613 3)
841 511 1016 590 omuibus
1041 515 1156 619 nigris
1187 521 1296 623 apice

235 635 361 724 fulvo;
387 633 497 709 tarsis
510 631 691 735 tibiisque
705 631 837 724 fulvis,
864 631 998 709 harum
1012 637 1170 739 posticis
1186 641 1295 744 apice

233 758 352 858 nigro.
406 752 607 833 Abdomen
627 753 788 832 feminae
811 752 962 830 brevius
988 769 1063 847 est,
1083 759 1199 862 'apice
1225 762 1294 836 ob.

232 877 375 954 tusiore
396 873 596 975 minusque
616 897 830 977 compresso
852 900 964 976 quam
983 875 1095 966 nrari3
1123 907 1293 982 segmen-

232 999 282 1078 tis
316 997 516 1076 1--5-o
547 991 715 1094 margine
752 991 1028 1098 pallide-flavo
1062 1011 1129 1075 aut
1162 999 1292 1077 viridi-

232 1120 380 1223 glauce.

305 1237 451 1314 Marem
468 1232 572 1335 cepit
583 1231 754 1336 Klopsolr
769 1233 869 1308 circa
886 1235 930 1315 V
926 1240 1183 1329 rutislaoiom,
1195 1239 1290 1316 alte-

227 1385 328 1447 rum,
356 1351 717 1455 norimbergensem‚
742 1355 880 1433 Sturm
909 1385 1058 1434 mecum
1079 1361 1290 1436 communi-

225 1476 340 1553 cavit.
395 1475 519 1550 Mares
540 1491 580 1552 et
596 1473 772 1564 feminas,
800 1477 899 1554 circa
915 1479 1136 1557 Berolinum
1154 1481 1287 1570 lectos,

224 1597 303 1674 vidi
342 1595 383 1670 in
419 1593 558 1675 muscis
607 1597 770 1674 Comitis
807 1596 856 1678 de
893 1595 1207 1708 Hoffmannsegg
1246 1615 1286 1678 et

225 1719 369 1823 Klugii.

606 2023 893 2104 varietates:

301 2207 334 2276 1.
369 2197 557 2276 Antennis
582 2221 701 2299 supro
727 2202 857 2296 nigris.
892 2222 943 2272 m.
976 2239 1029 2256 -
1060 2195 1283 2299 Longitudo
1355 2243 1356 2250 κ

224 2316 289 2420 673
316 2318 513 2394 linearum.
565 2319 768 2396 Antennue
795 2317 940 2419 nigrae,
969 2317 1100 2392 subtus
1125 2319 1285 2421 ferrugi-

223 2466 329 2528 neae‚
364 2437 526 2514 articulo
556 2445 576 2517 1
606 2451 689 2513 toto
717 2437 837 2539 nigro.
891 2438 1107 2516 Scutellum
1130 2441 1280 2530 flavum,

219 2560 301 2635 basi
326 2573 365 2635 et
385 2557 557 2633 acumine
570 2583 687 2660 parvo
700 2557 829 2659 nigris.
883 2559 1049 2634 Femoro
1064 2559 1185 2660 nigra,
1214 2584 1281 2635 an-

217 2681 293 2754 tica
315 2679 446 2754 subtus
463 2692 502 2754 et
515 2679 640 2782 apice,
668 2679 878 2782 posteriora
903 2678 986 2753 solo
1007 2679 1132 2780 apice,
1158 2677 1276 2756 fulva.

216 2795 418 2880 Abdomen
444 2800 645 2902 segmentis
675 2799 850 2874 omnibus
870 2797 1197 2900 flavomarginatis.
1224 2839 1279 2858 -

217 2923 374 2996 Caetera
390 2921 488 2996 sicut
502 2921 543 2996 in
556 2920 719 2996 maribus
734 2919 909 3022 plurimis
924 2917 1110 3020 genuinis.

290 3041 436 3116 Murem
450 3041 621 3130 unicum,
649 3040 749 3116 circa
763 3042 984 3122 Berolinum
998 3053 1168 3141 captum,
1195 3037 1274 3115 vidi
1354 3081 1355 3100 a

213 3159 254 3236 iu
270 3185 401 3237 museo
419 3161 567 3261 Klugii.

287 3409 323 3480 2.
351 3398 526 3478 Scutello
540 3397 773 3503 thomaeque
786 3405 881 3478 totis
894 3404 1027 3500 nigris.
1044 3396 1071 3473 f.
1092 3439 1144 3456 -
1166 3397 1273 3476 Tuo-

211 3549 292 3598 νοω
304 3536 448 3623 puncto
467 3520 565 3596 flavo
583 3519 681 3596 iufra
696 3521 786 3595 alas.
840 3521 1047 3620 Segmento
1061 3523 1177 3596 4-6
1189 3533 1270 3595 tota

208 3641 324 3744 nigra.
357 3683 410 3704 -··
442 3639 599 3718 Caetera
632 3639 732 3720 sicut
757 3641 799 3716 in
824 3637 975 3716 feminis
1002 3637 1176 3742 plurimis
1204 3665 1271 3742 gc·

208 3763 345 3838 nuinis.

283 3881 475 3958 Feminam
510 3881 677 3968 unicam,
717 3879 818 3957 circa
852 3879 1073 3958 Berolinum
1104 3892 1265 3982 captam,

204 4001 282 4080 vidi
309 4002 350 4078 in
376 4027 507 4080 museo
531 4001 674 4102 Klugii.
