2736 4630
258 261 361 315 ran.
392 251 425 330 1Ι
455 263 566 314 secr.
596 265 621 314 1.
651 265 927 317 cantsoauux.
1047 247 1122 321 485

83 421 155 498 dine
168 429 351 529 corporis,
379 428 488 534 apice
501 443 676 504 curvatae
690 427 990 530 subgraciliorcs.
1022 431 1121 508 Aloe

81 544 286 637 mediocres,
315 529 722 651 subfumatohyalinaer,
749 548 922 650 stigmate
946 550 1052 626 radio
1079 565 1120 626 et

79 667 254 763 squamula
274 667 397 770 piceis
415 683 480 744 aut
499 667 726 755 stamineis,
753 666 879 768 radice
900 673 1118 754 straminea;

77 783 183 859 areola
201 812 319 890 parua
338 789 570 891 subregulari
590 787 783 889 petiolata.
835 787 959 866 Pedes
974 788 1119 864 medio-

77 927 159 994 crcs;
183 908 393 985 anteriores
406 909 478 984 rufi
492 921 558 981 aut
570 904 685 996 fulvi,
709 905 817 986 'coxis
833 908 960 1008 nigris,
983 908 1118 984 anticis

76 1020 248 1101 interdum
269 1029 379 1132 apice
403 1025 539 1116 fuluis,
571 1025 875 1105 trochanteribus
904 1026 1119 1102 individuo-

74 1165 143 1216 mm
166 1143 367 1223 minorum
386 1145 735 1238 subflavicantibus;
776 1149 919 1252 postici·
949 1147 1052 1222 coxis
1079 1161 1119 1222 et

74 1261 365 1344 trochanteribus
392 1267 527 1370 nigris,
567 1264 774 1343 femoribus
802 1267 911 1357 rufis,
946 1291 1117 1368 superne,

72 1381 242 1483 inprimis
270 1387 379 1492 basin
402 1413 549 1476 versus,
576 1386 710 1476 fuscis,
742 1385 847 1462 tibiis
869 1387 1000 1462 subtus
1028 1387 1119 1462 rufis

71 1513 125 1575 a'ut
139 1508 335 1597 testaceis,
361 1487 473 1610 supra
490 1507 552 1585 vel
566 1499 700 1596 fuscis,
727 1507 835 1610 apice
856 1521 895 1582 et
915 1514 1000 1581 ante
1013 1503 1120 1580 basin
1220 1531 1224 1540 ·

72 1624 173 1721 paulo
193 1627 490 1719 obscurioribus,
517 1626 579 1703 uel
593 1626 830 1728 ferrugineis,
857 1625 967 1729 apice
980 1642 1019 1701 et
1033 1637 1119 1700 ante

72 1739 165 1819 basin
181 1747 319 1837 foscio,
345 1748 454 1824 tarsis
479 1748 608 1823 fuscis.
661 1745 864 1826 Abdomcn
885 1745 1018 1847 capitis
1033 1743 1120 1819 tho·-

72 1862 229 1968 mcisquc
242 1869 502 1978 longitudinm
525 1852 718 1969 segmento
736 1874 755 1944 1
772 1882 878 1968 parte
894 1865 1017 1941 antica
1032 1866 1119 1940 sub-

72 1979 231 2080 globosa,
259 1989 434 2066 breviore
454 2004 493 2064 et
512 1987 629 2092 paulo
644 1985 780 2061 latiore
804 2012 915 2087 quam
937 1985 1117 2087 petiolas.

135 2103 281 2184 Marem
300 2109 520 2210 maximum,
549 2106 722 2208 stigmate
742 2105 848 2180 radio
870 2121 908 2182 et
925 2105 1121 2207 aquamola

72 2219 337 2320 pallidioribus,
355 2227 501 2332 petiolo
515 2228 632 2329 paulo
646 2224 829 2316 breviore,
850 2227 1002 2303 Bonelli
1019 2225 1121 2327 cepit

73 2336 106 2411 in
119 2345 283 2445 Regione
295 2349 582 2426 Pedemcutonc
591 2374 604 2431 ,·
631 2371 746 2420 unum
759 2343 855 2445 cepi,
875 2371 1003 2422 meuse
1017 2346 1120 2435 Iulii,

73 2456 107 2532 in
118 2460 304 2542 fruticetis
319 2493 439 2569 prope
451 2465 696 2546 Atdenstedt
704 2493 719 2550 ,·
742 2464 818 2538 duo
832 2464 909 2556 alii,
925 2466 964 2540 in
977 2466 1121 2543 Silesio

73 2593 106 2652 et
130 2609 250 2691 prope
276 2592 503 2694 Trujectum
531 2586 586 2665 od
613 2585 797 2662 Moenum
822 2585 940 2687 capti,
973 2610 1120 2660 mecum

73 2707 328 2783 communicati
344 2722 446 2795 sunt,
473 2705 621 2782 minimi
636 2704 822 2794 omnium,
849 2719 888 2778 et
906 2703 1122 2780 trochante-

73 2817 165 2924 libus
188 2826 440 2902 anterioribus
459 2824 735 2915 flauicantibus,
762 2823 944 2928 tibiisque
963 2822 1120 2928 posticis

72 2942 187 3022 medio
210 2945 447 3050 ferrugineis,
475 2945 658 3021 distincti.

453 3167 477 3244 S
485 3192 731 3270 ynonyma:

73 3297 168 3383 chn.
192 3307 329 3410 ἀίῳαν
354 3303 480 3381 Gmel.
510 3305 568 3380 ed.
597 3304 706 3379 Linn.
741 3329 779 3406 p.
813 3309 934 3392 2721,
961 3329 997 3378 n·
1032 3307 1118 3386 406.

274 3424 394 3528 (haud
414 3425 604 3530 L‘dispotj
629 3421 779 3499 Thunb.
804 3422 927 3512 Ichn,
956 3427 992 3497 ir.
1013 3424 1094 3520 96).
1170 3433 1174 3441 “
