2764 4628
672 186 869 234 XOlilDES

315 841 444 940 Caput
465 837 765 928 breviusculum,
792 836 1115 916 subtransvcrsum
1130 856 1199 916 aut
1214 841 1316 918 sub-

234 958 449 1060 globosnm,
482 957 580 1034 facie
608 959 798 1060 quadrata.
835 999 889 1014 -
929 960 1045 1036 Oculi
1069 959 1201 1036 orales
1239 977 1313 1036 aut

234 1079 629 1186 orbiculato-orales.
656 1119 709 1135 -
733 1080 937 1156 Antennoe
968 1077 1144 1180 graciles,
1178 1083 1309 1157 rarius

233 1198 434 1300 pilosellae
480 1199 558 1298 (X.
597 1199 828 1301 pilicorni);
874 1196 1039 1274 maribus
1087 1217 1306 1300 porrectae,

231 1319 382 1394 feminis
398 1318 505 1421 apice
518 1333 705 1393 curvatae.
733 1361 786 1375 —
811 1319 873 1393 De
893 1314 951 1390 his
966 1331 1005 1391 et
1020 1316 1201 1418 portibus
1221 1327 1308 1398 oris

232 1439 405 1516 conferre
423 1438 520 1514 velis
541 1454 668 1513 notam
683 1438 729 1514 ad
743 1437 788 1512 X.
808 1437 1047 1539 pilicornem.
1063 1479 1116 1494 -
1129 1437 1305 1516 Thorax

232 1557 475 1659 cylindricus.
489 1603 542 1618 -
554 1559 770 1638 Scutellum
785 1556 1120 1632 conveniusculum
1136 1571 1204 1630 aut
1218 1559 1302 1659 gib-

230 1678 381 1768 bulum,
408 1679 639 1780 triangulare
659 1678 767 1779 apice
788 1678 937 1752 obtuso.
956 1719 1009 1734 -
1029 1678 1133 1755 Aloe
1152 1679 1301 1753 medio·

231 1825 331 1887 cres,
363 1800 487 1874 areola
505 1789 637 1888 nulla,
666 1799 830 1874 cellulae
848 1796 1040 1873 interioris
1061 1823 1178 1874 nervo
1199 1797 1297 1874 inle-

230 1918 330 1993 riore
352 1919 539 1993 exteriore
556 1917 810 2018 subanguloso
827 1933 968 1992 etcum
984 1917 1294 1992 nervoinleriore

228 2039 393 2114 cellulae
415 2036 630 2126 exterioris,
658 2037 704 2112 ad
725 2036 904 2136 angulum
933 2036 1097 2112 cellulae
1125 2037 1288 2122 radiolis

228 2159 420 2260 contiguo.
448 2201 500 2213 -
526 2156 648 2234 Pedes
661 2155 870 2232 mediocres
885 2171 949 2232 aut
964 2157 1214 2256 subelongati.
1237 2199 1289 2214 -

227 2278 429 2358 Abdomen
456 2276 586 2354 sessile
614 2291 678 2350 aut
705 2275 926 2366 subsessile,
959 2279 1010 2353 X.
1035 2273 1176 2353 scabro
1204 2278 1290 2352 sub-

226 2398 470 2503 petiolatum3
498 2421 707 2472 convexum
728 2412 793 2471 aut
812 2395 1174 2498 depressiusculum,
1203 2397 1289 2471 sub-

226 2517 347 2593 tiliter
377 2531 577 2620 punctum,
627 2514 858 2617 subopacum
897 2530 961 2590 aut
995 2514 1284 2602 subnitidulnm;

225 2637 389 2711 maribus
411 2636 645 2736 elongatum,
674 2635 888 2710 sublineare
907 2648 973 2710 aut
993 2635 1138 2737 apicem
1158 2662 1282 2710 versus

224 2757 421 2858 paululum
437 2756 652 2843 dilatatum,
681 2755 833 2831 thorace
855 2755 1047 2856 angustius
1062 2772 1101 2832 et
1124 2757 1279 2858 longius,

96 2897 107 2908 ·
224 2877 449 2977 plerumque
475 2901 521 2950 eo
546 2875 665 2983 duplo
686 2874 855 2976 lougius;
889 2874 1041 2950 leminis
1069 2877 1219 2952 brevius
1242 2892 1278 2952 et

223 2996 355 3085 latius,
389 2994 553 3070 thoracis
581 2994 799 3086 latitudine,
834 3019 956 3096 eoque
984 2996 1101 3096 paulo
1133 2997 1276 3100 lougius

223 3141 289 3192 seu
311 3115 393 3217 ejus
416 3114 635 3203 latitudine,
670 3113 875 3216 oblongum
902 3140 968 3190 seu
997 3115 1275 3218 oblongo-ora·

221 3250 313 3311 tum.
381 3236 622 3335 segmentum
661 3233 825 3335 primum
863 3234 1130 3326 scansionum,
1171 3237 1273 3313 lineis
1351 3333 1352 3336 Ἴ

220 3354 365 3430 duabus
386 3353 544 3431 elevatis
570 3350 927 3454 longitudinalibus,
959 3356 1078 3432 rarius
1100 3355 1273 3432 subobso-

220 3474 320 3552 letis.
375 3474 452 3572 (X.
473 3473 769 3576 praecatorio);
800 3471 950 3550 feminis
978 3475 1125 3577 apicem
1152 3503 1271 3553 versus
1348 3479 1349 3482 ’

221 3594 358 3670 sensim
393 3593 611 3680 dilatatum,
651 3592 816 3666 maribus
846 3595 1039 3694 angustius
1067 3607 1105 3668 et
1132 3595 1270 3696 longius

219 3742 330 3816 quarn
363 3713 531 3800 leminis,
575 3711 896 3814 subaequilatum;
937 3710 1127 3788 interdum
1156 3715 1269 3790 medio

217 3833 396 3935 utrinque
418 3835 641 3934 impressum
665 3845 730 3906 aut
754 3830 1087 3920 subconstrictunr,
1115 3859 1149 3908 v.
1175 3861 1203 3908 c.
1223 3837 1267 3912 X.

215 3955 397 4057 pilicorni
408 3965 447 4028 et
462 3957 668 4050 irrigatori
673 3980 688 4048 3
714 3950 923 4027 tuberculis
939 3950 1159 4029 lateralibus
1179 3955 1267 4032 inter
