2806 4632
305 279 405 334 riu.
436 265 629 346 11,sncr.
659 275 970 334 nummum.
1002 359 1006 370 Ι
1123 259 1173 338 63
1280 249 1287 258 ’

103 441 283 550 meisque
309 441 551 550 longitudine
575 461 617 523 et
641 443 860 536 latiordina,
887 445 949 524 val
970 443 1087 552 paulo
1105 472 1171 522 an-

101 564 273 666 gustius,
301 565 522 656 aubsessile,
557 565 826 646 subluailorma
852 581 918 644 aut
944 565 1170 657 sublimare,

99 683 199 761 mari
219 685 414 789 angustius
442 709 560 789 quam
577 685 759 778 feminae3
786 703 979 789 segmento
1009 696 1030 767 1
1061 687 1171 766 baaiu

98 829 236 882 versus
259 805 398 886 sensim
419 821 634 910 angustam,
660 807 772 884 fovea
786 807 834 884 ad
847 805 974 900 basin,
1000 808 1169 911 plerum-

97 951 176 1026 que
191 925 412 1006 alternante
425 927 649 1030 marginem,
676 926 876 1031 impressa,
901 929 1069 1032 margine
1084 927 1169 1032 ipso

97 1071 252 1122 summo
280 1063 324 1122 ut
355 1047 565 1151 plurimum
597 1049 909 1139 castaneo-rul03
948 1059 975 1132 2
1001 1049 1170 1150 margine

98 1192 253 1242 summo
273 1163 586 1257 rulo-castaneo,
612 1165 733 1245 rarius
755 1181 842 1246 ante
861 1169 971 1248 basin
990 1167 1170 1244 subcana·

96 1286 284 1376 liculat03
320 1297 345 1368 3
371 1287 578 1379 interdum,
604 1285 725 1365 rarius
754 1313 908 1394 quoque
935 1295 976 1381 4,
1002 1287 1170 1391 margine

95 1431 252 1482 summo
285 1407 559 1489 rusoaaataneo.
621 1409 793 1495 Aculeus
822 1409 1023 1489 abdomine
1047 1409 1166 1524 paulo

95 1527 271 1630 longior,
297 1529 446 1612 terebra
473 1543 657 1622 casanae,

174 1647 312 1724 Plures
329 1675 450 1728 mares
472 1664 511 1726 et
524 1647 683 1726 feminas
696 1647 793 1750 legi,
820 1647 1011 1726 mensibus
1026 1648 1114 1730 lulii
1130 1663 1169 1724 et

94 1767 263 1870 Augusti
290 1767 391 1844 circa
419 1769 650 1868 Gottingum
676 1771 936 1849 Barterodom
970 1767 1168 1852 Uadorum

97 1887 308 1980 Oedelem,
333 1889 377 1972 in
392 1888 625 1979 umbellatia,
653 1915 783 1974 mense
804 1890 1170 1987 IunioBrunsuigua

94 2007 139 2082 in
160 2008 322 2086 floribus
341 2008 583 2114 Philadelphi
605 2009 806 2089 coronarii.
861 2011 961 2088 Nees
980 2007 1031 2086 ab
1052 2011 1170 2090 Esen-

94 2126 197 2206 beel:
214 2153 368 2232 quoque
386 2155 507 2208 maras
536 2129 641 2232 capit
662 2131 703 2206 in
723 2127 882 2208 floribus
904 2127 1167 2231 fragrantibus.

95 2251 282 2354 Trajacti
294 2249 349 2335 ad
364 2251 405 2330 V
403 2249 559 2332 iodrum
580 2277 721 2328 marem
739 2249 827 2353 cepi
840 2248 882 2323 in
895 2249 1054 2352 plantis,
1082 2263 1170 2327 ante

96 2369 308 2453 leneatram
338 2371 488 2474 ponitis.
554 2374 751 2450 Praeterea
783 2394 904 2448 marea
937 2385 977 2446 et
1010 2369 1168 2447 feminas

97 2489 248 2591 accepi,
273 2489 377 2569 aima
390 2491 675 2583 Warnurunn,
702 2493 829 2584 Pleas,
854 2490 1169 2586 Siakerabauaan,

97 2609 402 2714 Norimbergam
427 2627 468 2691 et
496 2611 785 2704 Wandalorum,
813 2613 953 2702 lectos,
992 2609 1169 2686 feminas-

98 2755 177 2831 que
195 2731 383 2835 aingulaa,
407 2733 509 2842 airaa
524 2731 713 2814 Parmani
724 2731 880 2824 Abnom
899 2749 938 2818 et
959 2731 1002 2808 in
1016 2735 1168 2810 Tauria

98 2865 246 2956 captas.
397 2901 400 2910 ·
452 2897 456 2910 -

491 3080 781 3196 Varietateaa

180 3219 214 3289 1.
242 3215 394 3293 Aculeo
411 3238 575 3321 corpora
592 3221 713 3322 poulo
725 3216 908 3318 longiore.
935 3210 962 3286 l.
992 3251 1043 3270 ·-
1070 3209 1170 3288 Lon·

97 3331 241 3435 guado
258 3343 287 3414 2
306 3336 505 3414 linearum.
559 3343 691 3442 Caput
711 3363 779 3414 ora
797 3337 915 3424 flavo,
941 3331 1169 3409 mandibulis

99 3455 265 3557 apicem
276 3453 503 3535 basiluaeia.
556 3462 661 3538 Aloe
674 3459 875 3562 'hyalinam
900 3453 1010 3532 radio
1022 3468 1062 3532 et
1076 3455 1172 3558 stig-

100 3589 205 3653 mate
224 3575 573 3678 macoma-uineis,
601 3578 729 3662 radiae
753 3594 795 3657 at
820 3575 1018 3680 aquamola
1043 3573 1169 3662 {lavim

101 3696 233 3772 areola
247 3697 414 3800 regulari
428 3699 624 3802 petiolata.
667 3697 789 3782 Pedes
803 3698 888 3789 ruli,
914 3695 1020 3770 coxis
1035 3693 1171 3776 anticio

102 3817 388 3920 pallidioribua.
442 3819 646 3903 Abdomen
667 3817 844 3898 iuniauris
863 3815 986 3896 tribus
1008 3815 1172 3893 anterio-

99 3938 208 4016 ribus
229 3938 518 4019 ruleaaentibur.
571 3944 743 4024 Aculeus
768 3963 927 4046 corpore
948 3936 1063 4043 paulo
1085 3935 1171 4012 lon-

100 4059 204 4162 gior,
232 4059 383 4144 terebra
403 4061 628 4144 ruleaoente.
