<?xml version="1.0" encoding="UTF-8"?>
<!DOCTYPE html PUBLIC "-//W3C//DTD XHTML 1.0 Transitional//EN"
    "http://www.w3.org/TR/xhtml1/DTD/xhtml1-transitional.dtd">
<html xmlns="http://www.w3.org/1999/xhtml" xml:lang="en" lang="en">
 <head>
  <title>
</title>
<meta http-equiv="Content-Type" content="text/html;charset=utf-8" />
  <meta name='ocr-system' content='tesseract 3.04.00' />
  <meta name='ocr-capabilities' content='ocr_page ocr_carea ocr_par ocr_line ocrx_word'/>
</head>
<body>
  <div class='ocr_page' id='page_1' title='image "./ichneumonologia00cgrgoog_0365.png"; bbox 0 0 2726 4634; ppageno 0'>
   <div class='ocr_carea' id='block_1_1' title="bbox 465 239 712 303">
    <p class='ocr_par' dir='ltr' id='par_1_1' title="bbox 465 239 712 303">
     <span class='ocr_line' id='line_1_1' title="bbox 465 239 712 303; baseline 0 -1"><span class='ocrx_word' id='word_1_1' title='bbox 465 249 653 303; x_wconf 72' lang='lat' dir='ltr'>mima</span> <span class='ocrx_word' id='word_1_2' title='bbox 684 239 712 302; x_wconf 88' lang='lat' dir='ltr'>I.</span> 
     </span>
    </p>
   </div>
   <div class='ocr_carea' id='block_1_2' title="bbox 376 531 811 630">
    <p class='ocr_par' dir='ltr' id='par_1_2' title="bbox 376 531 811 630">
     <span class='ocr_line' id='line_1_2' title="bbox 376 531 811 630; baseline -0.014 -20"><span class='ocrx_word' id='word_1_3' title='bbox 376 545 409 610; x_wconf 81' lang='lat' dir='ltr'>a.</span> <span class='ocrx_word' id='word_1_4' title='bbox 452 533 490 600; x_wconf 84' lang='lat' dir='ltr'>s.</span> <span class='ocrx_word' id='word_1_5' title='bbox 511 531 811 630; x_wconf 75' lang='lat' dir='ltr'>comunssus.</span> 
     </span>
    </p>
   </div>
   <div class='ocr_carea' id='block_1_3' title="bbox 267 737 1126 1338">
    <p class='ocr_par' dir='ltr' id='par_1_3' title="bbox 267 737 1126 1338">
     <span class='ocr_line' id='line_1_3' title="bbox 269 737 1121 831; baseline 0.002 -27"><span class='ocrx_word' id='word_1_6' title='bbox 269 739 521 826; x_wconf 87' lang='lat' dir='ltr'>Segmentorum</span> <span class='ocrx_word' id='word_1_7' title='bbox 531 737 733 831; x_wconf 78' lang='lat' dir='ltr'>marginibus</span> <span class='ocrx_word' id='word_1_8' title='bbox 744 737 852 822; x_wconf 85' lang='lat' dir='ltr'>flavis3</span> <span class='ocrx_word' id='word_1_9' title='bbox 875 739 971 806; x_wconf 83' lang='lat' dir='ltr'>tarsis</span> <span class='ocrx_word' id='word_1_10' title='bbox 984 749 1018 804; x_wconf 89' lang='lat' dir='ltr'>ct</span> <span class='ocrx_word' id='word_1_11' title='bbox 1029 738 1121 806; x_wconf 87' lang='lat' dir='ltr'>tibiis</span> 
     </span>
     <span class='ocr_line' id='line_1_4' title="bbox 267 837 1121 930; baseline 0.001 -25"><span class='ocrx_word' id='word_1_12' title='bbox 267 837 384 922; x_wconf 82' lang='lat' dir='ltr'>fulvis,</span> <span class='ocrx_word' id='word_1_13' title='bbox 412 837 529 905; x_wconf 86' lang='lat' dir='ltr'>harum</span> <span class='ocrx_word' id='word_1_14' title='bbox 555 839 694 930; x_wconf 81' lang='lat' dir='ltr'>posticis</span> <span class='ocrx_word' id='word_1_15' title='bbox 722 841 814 929; x_wconf 89' lang='lat' dir='ltr'>apice</span> <span class='ocrx_word' id='word_1_16' title='bbox 835 839 951 930; x_wconf 82' lang='lat' dir='ltr'>nigr03</span> <span class='ocrx_word' id='word_1_17' title='bbox 981 837 1121 906; x_wconf 88' lang='lat' dir='ltr'>scutello</span> 
     </span>
     <span class='ocr_line' id='line_1_5' title="bbox 267 941 1122 1031; baseline -0.002 -23"><span class='ocrx_word' id='word_1_18' title='bbox 267 941 467 1030; x_wconf 85' lang='lat' dir='ltr'>thoraceque</span> <span class='ocrx_word' id='word_1_19' title='bbox 487 941 686 1031; x_wconf 86' lang='lat' dir='ltr'>flavopictis,</span> <span class='ocrx_word' id='word_1_20' title='bbox 715 943 866 1009; x_wconf 82' lang='lat' dir='ltr'><strong>antennis</strong></span> <span class='ocrx_word' id='word_1_21' title='bbox 887 941 996 1010; x_wconf 84' lang='lat' dir='ltr'>fulvis.</span> <span class='ocrx_word' id='word_1_22' title='bbox 1031 965 1075 1012; x_wconf 88' lang='grc' dir='ltr'><strong>ιιι.</strong></span> <span class='ocrx_word' id='word_1_23' title='bbox 1097 941 1122 1006; x_wconf 84' lang='lat' dir='ltr'>s.</span> 
     </span>
     <span class='ocr_line' id='line_1_6' title="bbox 269 1042 1125 1132; baseline 0 -24"><span class='ocrx_word' id='word_1_24' title='bbox 269 1047 355 1126; x_wconf 83' lang='lat' dir='ltr'>(mas</span> <span class='ocrx_word' id='word_1_25' title='bbox 375 1056 467 1132; x_wconf 89' lang='lat' dir='ltr'>parte</span> <span class='ocrx_word' id='word_1_26' title='bbox 489 1044 670 1110; x_wconf 84' lang='lat' dir='ltr'>orbitarum</span> <span class='ocrx_word' id='word_1_27' title='bbox 691 1042 864 1111; x_wconf 89' lang='lat' dir='ltr'>oculorum</span> <span class='ocrx_word' id='word_1_28' title='bbox 884 1043 982 1130; x_wconf 77' lang='lat' dir='ltr'>flava3</span> <span class='ocrx_word' id='word_1_29' title='bbox 990 1045 1125 1132; x_wconf 79' lang='lat' dir='ltr'>semina</span> 
     </span>
     <span class='ocr_line' id='line_1_7' title="bbox 268 1143 1126 1236; baseline 0.002 -26"><span class='ocrx_word' id='word_1_30' title='bbox 268 1145 353 1210; x_wconf 79' lang='lat' dir='ltr'>facie</span> <span class='ocrx_word' id='word_1_31' title='bbox 375 1143 470 1227; x_wconf 85' lang='lat' dir='ltr'>flava,</span> <span class='ocrx_word' id='word_1_32' title='bbox 501 1143 589 1212; x_wconf 88' lang='lat' dir='ltr'>linea</span> <span class='ocrx_word' id='word_1_33' title='bbox 611 1144 846 1236; x_wconf 84' lang='lat' dir='ltr'>longitudinali</span> <span class='ocrx_word' id='word_1_34' title='bbox 867 1147 978 1236; x_wconf 84' lang='lat' dir='ltr'>nigra,</span> <span class='ocrx_word' id='word_1_35' title='bbox 1005 1157 1126 1214; x_wconf 78' lang='lat' dir='ltr'>enten-</span> 
     </span>
     <span class='ocr_line' id='line_1_8' title="bbox 270 1247 811 1338; baseline 0.007 -26"><span class='ocrx_word' id='word_1_36' title='bbox 270 1247 322 1313; x_wconf 86' lang='lat' dir='ltr'>nis</span> <span class='ocrx_word' id='word_1_37' title='bbox 344 1269 484 1338; x_wconf 85' lang='lat' dir='ltr'><strong>superne</strong></span> <span class='ocrx_word' id='word_1_38' title='bbox 505 1249 639 1338; x_wconf 79' lang='lat' dir='ltr'>uigris).</span> <span class='ocrx_word' id='word_1_39' title='bbox 807 1257 811 1264; x_wconf 84' lang='lat'>&#39;</span> 
     </span>
    </p>
   </div>
   <div class='ocr_carea' id='block_1_4' title="bbox 147 1487 1127 1596">
    <p class='ocr_par' dir='ltr' id='par_1_4' title="bbox 147 1487 1127 1596">
     <span class='ocr_line' id='line_1_9' title="bbox 147 1487 1127 1596; baseline 0 -30"><span class='ocrx_word' id='word_1_40' title='bbox 147 1487 316 1567; x_wconf 83' lang='lat' dir='ltr'>Statura</span> <span class='ocrx_word' id='word_1_41' title='bbox 329 1504 370 1566; x_wconf 91' lang='lat' dir='ltr'>et</span> <span class='ocrx_word' id='word_1_42' title='bbox 382 1491 580 1595; x_wconf 81' lang='lat' dir='ltr'>proportio</span> <span class='ocrx_word' id='word_1_43' title='bbox 593 1491 757 1596; x_wconf 88' lang='lat' dir='ltr'>partium</span> <span class='ocrx_word' id='word_1_44' title='bbox 772 1490 871 1566; x_wconf 90' lang='lat' dir='ltr'>sicut</span> <span class='ocrx_word' id='word_1_45' title='bbox 883 1487 924 1566; x_wconf 93' lang='lat' dir='ltr'>in</span> <span class='ocrx_word' id='word_1_46' title='bbox 937 1489 1127 1594; x_wconf 66' lang='lat' dir='ltr'>osana-</span> 
     </span>
    </p>
   </div>
   <div class='ocr_carea' id='block_1_5' title="bbox 78 1609 1185 4118">
    <p class='ocr_par' dir='ltr' id='par_1_5' title="bbox 79 1609 1126 1836">
     <span class='ocr_line' id='line_1_10' title="bbox 79 1609 1126 1715; baseline -0.003 -29"><span class='ocrx_word' id='word_1_47' title='bbox 79 1623 178 1700; x_wconf 87' lang='lat' dir='ltr'>tore,</span> <span class='ocrx_word' id='word_1_48' title='bbox 202 1639 238 1689; x_wconf 85' lang='lat' dir='ltr'>n.</span> <span class='ocrx_word' id='word_1_49' title='bbox 261 1615 304 1698; x_wconf 73' lang='lat'>43</span> <span class='ocrx_word' id='word_1_50' title='bbox 331 1611 398 1688; x_wconf 87' lang='lat' dir='ltr'>sed</span> <span class='ocrx_word' id='word_1_51' title='bbox 420 1626 613 1715; x_wconf 88' lang='lat' dir='ltr'>segmento</span> <span class='ocrx_word' id='word_1_52' title='bbox 636 1620 655 1690; x_wconf 91' lang='lat'>1</span> <span class='ocrx_word' id='word_1_53' title='bbox 675 1611 788 1688; x_wconf 91' lang='lat' dir='ltr'>maris</span> <span class='ocrx_word' id='word_1_54' title='bbox 808 1611 924 1715; x_wconf 86' lang='lat' dir='ltr'>paulo</span> <span class='ocrx_word' id='word_1_55' title='bbox 942 1609 1126 1700; x_wconf 88' lang='lat' dir='ltr'>breviore,</span> 
     </span>
     <span class='ocr_line' id='line_1_11' title="bbox 79 1729 822 1836; baseline 0.009 -34"><span class='ocrx_word' id='word_1_56' title='bbox 79 1731 180 1833; x_wconf 89' lang='lat' dir='ltr'>apice</span> <span class='ocrx_word' id='word_1_57' title='bbox 193 1729 387 1806; x_wconf 83' lang='lat' dir='ltr'>obtusiore</span> <span class='ocrx_word' id='word_1_58' title='bbox 399 1746 438 1806; x_wconf 88' lang='lat' dir='ltr'>ct</span> <span class='ocrx_word' id='word_1_59' title='bbox 452 1731 574 1808; x_wconf 88' lang='lat' dir='ltr'>minus</span> <span class='ocrx_word' id='word_1_60' title='bbox 594 1757 822 1836; x_wconf 88' lang='lat' dir='ltr'>compresso.</span> 
     </span>
    </p>

    <p class='ocr_par' dir='ltr' id='par_1_6' title="bbox 78 1847 1185 4118">
     <span class='ocr_line' id='line_1_12' title="bbox 148 1847 1130 1957; baseline -0.001 -28"><span class='ocrx_word' id='word_1_61' title='bbox 148 1851 371 1952; x_wconf 77' lang='lat' dir='ltr'>longitudo</span> <span class='ocrx_word' id='word_1_62' title='bbox 402 1847 465 1954; x_wconf 67' lang='lat'>4³),</span> <span class='ocrx_word' id='word_1_63' title='bbox 480 1861 564 1930; x_wconf 88' lang='lat'>—6</span> <span class='ocrx_word' id='word_1_64' title='bbox 595 1852 793 1930; x_wconf 89' lang='lat' dir='ltr'>linearum.</span> <span class='ocrx_word' id='word_1_65' title='bbox 848 1853 977 1957; x_wconf 81' lang='lat' dir='ltr'>Caput</span> <span class='ocrx_word' id='word_1_66' title='bbox 1011 1855 1130 1928; x_wconf 84' lang='lat' dir='ltr'>maris</span> 
     </span>
     <span class='ocr_line' id='line_1_13' title="bbox 78 1971 1130 2076; baseline 0.001 -29"><span class='ocrx_word' id='word_1_67' title='bbox 78 1971 198 2048; x_wconf 91' lang='lat' dir='ltr'>medio</span> <span class='ocrx_word' id='word_1_68' title='bbox 221 1971 522 2049; x_wconf 83' lang='lat' dir='ltr'>mandibularum</span> <span class='ocrx_word' id='word_1_69' title='bbox 548 1971 634 2076; x_wconf 85' lang='lat' dir='ltr'>rulo</span> <span class='ocrx_word' id='word_1_70' title='bbox 659 1988 725 2050; x_wconf 92' lang='lat' dir='ltr'>aut</span> <span class='ocrx_word' id='word_1_71' title='bbox 758 1973 988 2076; x_wconf 77' lang='lat' dir='ltr'>ferrugineo,</span> <span class='ocrx_word' id='word_1_72' title='bbox 1022 1985 1130 2074; x_wconf 86' lang='lat' dir='ltr'>parte</span> 
     </span>
     <span class='ocr_line' id='line_1_14' title="bbox 80 2091 1131 2170; baseline 0 -2"><span class='ocrx_word' id='word_1_73' title='bbox 80 2093 283 2169; x_wconf 87' lang='lat' dir='ltr'>orbitarum</span> <span class='ocrx_word' id='word_1_74' title='bbox 314 2091 545 2168; x_wconf 91' lang='lat' dir='ltr'>internarum</span> <span class='ocrx_word' id='word_1_75' title='bbox 573 2108 612 2170; x_wconf 92' lang='lat' dir='ltr'>et</span> <span class='ocrx_word' id='word_1_76' title='bbox 635 2107 873 2170; x_wconf 79' lang='lat' dir='ltr'>externarum</span> <span class='ocrx_word' id='word_1_77' title='bbox 906 2095 1131 2168; x_wconf 87' lang='lat' dir='ltr'>flavescente</span> 
     </span>
     <span class='ocr_line' id='line_1_15' title="bbox 80 2210 1130 2314; baseline 0 -26"><span class='ocrx_word' id='word_1_78' title='bbox 80 2228 141 2290; x_wconf 86' lang='lat' dir='ltr'>aut</span> <span class='ocrx_word' id='word_1_79' title='bbox 152 2215 383 2302; x_wconf 82' lang='lat' dir='ltr'>virescente3</span> <span class='ocrx_word' id='word_1_80' title='bbox 399 2213 577 2314; x_wconf 83' lang='lat' dir='ltr'>feminae</span> <span class='ocrx_word' id='word_1_81' title='bbox 595 2213 823 2290; x_wconf 86' lang='lat' dir='ltr'>mandibulis</span> <span class='ocrx_word' id='word_1_82' title='bbox 844 2225 884 2289; x_wconf 92' lang='lat' dir='ltr'>et</span> <span class='ocrx_word' id='word_1_83' title='bbox 901 2210 998 2290; x_wconf 81' lang='lat' dir='ltr'>facie</span> <span class='ocrx_word' id='word_1_84' title='bbox 1012 2211 1130 2305; x_wconf 88' lang='lat' dir='ltr'>flavis,</span> 
     </span>
     <span class='ocr_line' id='line_1_16' title="bbox 79 2332 1133 2436; baseline -0.002 -26"><span class='ocrx_word' id='word_1_85' title='bbox 79 2333 144 2412; x_wconf 88' lang='lat' dir='ltr'>bac</span> <span class='ocrx_word' id='word_1_86' title='bbox 157 2335 261 2412; x_wconf 89' lang='lat' dir='ltr'>linea</span> <span class='ocrx_word' id='word_1_87' title='bbox 274 2333 543 2436; x_wconf 88' lang='lat' dir='ltr'>longitudinali</span> <span class='ocrx_word' id='word_1_88' title='bbox 558 2333 673 2436; x_wconf 89' lang='lat' dir='ltr'>nigra.</span> <span class='ocrx_word' id='word_1_89' title='bbox 707 2332 1133 2414; x_wconf 83' lang='lat' dir='ltr'>Antennuemarislul-</span> 
     </span>
     <span class='ocr_line' id='line_1_17' title="bbox 79 2451 1130 2557; baseline 0.002 -27"><span class='ocrx_word' id='word_1_90' title='bbox 79 2481 160 2544; x_wconf 85' lang='lat' dir='ltr'>vae,</span> <span class='ocrx_word' id='word_1_91' title='bbox 188 2453 358 2530; x_wconf 83' lang='lat' dir='ltr'>articulis</span> <span class='ocrx_word' id='word_1_92' title='bbox 380 2451 524 2530; x_wconf 87' lang='lat' dir='ltr'>ultimis</span> <span class='ocrx_word' id='word_1_93' title='bbox 544 2453 658 2528; x_wconf 83' lang='lat' dir='ltr'>luscis</span> <span class='ocrx_word' id='word_1_94' title='bbox 679 2469 744 2530; x_wconf 89' lang='lat' dir='ltr'>aut</span> <span class='ocrx_word' id='word_1_95' title='bbox 765 2454 898 2557; x_wconf 87' lang='lat' dir='ltr'>nigris,</span> <span class='ocrx_word' id='word_1_96' title='bbox 926 2453 1088 2530; x_wconf 85' lang='lat' dir='ltr'>articulo</span> <span class='ocrx_word' id='word_1_97' title='bbox 1109 2462 1130 2532; x_wconf 95' lang='lat'><strong>1</strong></span> 
     </span>
     <span class='ocr_line' id='line_1_18' title="bbox 79 2571 1132 2678; baseline -0.001 -30"><span class='ocrx_word' id='word_1_98' title='bbox 79 2572 201 2676; x_wconf 86' lang='lat' dir='ltr'>nigro,</span> <span class='ocrx_word' id='word_1_99' title='bbox 229 2572 361 2650; x_wconf 90' lang='lat' dir='ltr'>subtus</span> <span class='ocrx_word' id='word_1_100' title='bbox 384 2599 495 2675; x_wconf 81' lang='lat' dir='ltr'><strong>saepe</strong></span> <span class='ocrx_word' id='word_1_101' title='bbox 517 2587 660 2676; x_wconf 90' lang='lat' dir='ltr'>puncto</span> <span class='ocrx_word' id='word_1_102' title='bbox 678 2573 803 2664; x_wconf 81' lang='lat' dir='ltr'>fulvo,</span> <span class='ocrx_word' id='word_1_103' title='bbox 818 2574 996 2675; x_wconf 84' lang='lat' dir='ltr'>feminae</span> <span class='ocrx_word' id='word_1_104' title='bbox 1016 2571 1132 2678; x_wconf 91' lang='lat' dir='ltr'>paulo</span> 
     </span>
     <span class='ocr_line' id='line_1_19' title="bbox 79 2691 1134 2797; baseline -0.003 -29"><span class='ocrx_word' id='word_1_105' title='bbox 79 2693 267 2796; x_wconf 84' lang='lat' dir='ltr'>longiores</span> <span class='ocrx_word' id='word_1_106' title='bbox 289 2719 402 2795; x_wconf 90' lang='lat' dir='ltr'>quam</span> <span class='ocrx_word' id='word_1_107' title='bbox 415 2694 526 2785; x_wconf 89' lang='lat' dir='ltr'>mari,</span> <span class='ocrx_word' id='word_1_108' title='bbox 555 2694 700 2797; x_wconf 83' lang='lat' dir='ltr'>nigrae,</span> <span class='ocrx_word' id='word_1_109' title='bbox 727 2695 859 2771; x_wconf 85' lang='lat' dir='ltr'>subtus</span> <span class='ocrx_word' id='word_1_110' title='bbox 885 2693 1013 2771; x_wconf 86' lang='lat' dir='ltr'>fulvae</span> <span class='ocrx_word' id='word_1_111' title='bbox 1041 2691 1134 2768; x_wconf 85' lang='lat' dir='ltr'>arti-</span> 
     </span>
     <span class='ocr_line' id='line_1_20' title="bbox 79 2811 1185 2918; baseline -0.001 -29"><span class='ocrx_word' id='word_1_112' title='bbox 79 2811 165 2890; x_wconf 86' lang='lat' dir='ltr'>culo</span> <span class='ocrx_word' id='word_1_113' title='bbox 182 2823 202 2892; x_wconf 92' lang='lat'>1</span> <span class='ocrx_word' id='word_1_114' title='bbox 218 2814 328 2892; x_wconf 83' lang='lat' dir='ltr'>ssave.</span> <span class='ocrx_word' id='word_1_115' title='bbox 382 2813 551 2892; x_wconf 75' lang='lat' dir='ltr'>Thorax</span> <span class='ocrx_word' id='word_1_116' title='bbox 569 2815 794 2918; x_wconf 88' lang='lat' dir='ltr'>plerumque</span> <span class='ocrx_word' id='word_1_117' title='bbox 815 2813 965 2917; x_wconf 89' lang='lat' dir='ltr'>punctis</span> <span class='ocrx_word' id='word_1_118' title='bbox 987 2811 1134 2889; x_wconf 91' lang='lat' dir='ltr'>duobus</span> <span class='ocrx_word' id='word_1_119' title='bbox 1178 2833 1185 2848; x_wconf 93' lang='grc'><strong><em>’</em></strong></span> 
     </span>
     <span class='ocr_line' id='line_1_21' title="bbox 80 2932 1135 3026; baseline -0.003 -17"><span class='ocrx_word' id='word_1_120' title='bbox 80 2949 163 3010; x_wconf 85' lang='lat' dir='ltr'>ante</span> <span class='ocrx_word' id='word_1_121' title='bbox 185 2935 346 3026; x_wconf 93' lang='lat' dir='ltr'>collum,</span> <span class='ocrx_word' id='word_1_122' title='bbox 374 2959 450 3010; x_wconf 94' lang='lat' dir='ltr'>uno</span> <span class='ocrx_word' id='word_1_123' title='bbox 472 2933 569 3010; x_wconf 84' lang='lat' dir='ltr'>inira</span> <span class='ocrx_word' id='word_1_124' title='bbox 589 2933 683 3024; x_wconf 89' lang='lat' dir='ltr'>alas,</span> <span class='ocrx_word' id='word_1_125' title='bbox 710 2933 844 3023; x_wconf 88' lang='lat' dir='ltr'>fascia,</span> <span class='ocrx_word' id='word_1_126' title='bbox 871 2934 997 3010; x_wconf 92' lang='lat' dir='ltr'>medio</span> <span class='ocrx_word' id='word_1_127' title='bbox 1017 2932 1135 3009; x_wconf 85' lang='lat' dir='ltr'>inter-</span> 
     </span>
     <span class='ocr_line' id='line_1_22' title="bbox 78 3053 1135 3158; baseline -0.006 -26"><span class='ocrx_word' id='word_1_128' title='bbox 78 3069 205 3158; x_wconf 87' lang='lat' dir='ltr'>rupta,</span> <span class='ocrx_word' id='word_1_129' title='bbox 240 3071 326 3131; x_wconf 89' lang='lat' dir='ltr'>ante</span> <span class='ocrx_word' id='word_1_130' title='bbox 355 3054 542 3156; x_wconf 88' lang='lat' dir='ltr'>petiolum</span> <span class='ocrx_word' id='word_1_131' title='bbox 576 3053 802 3146; x_wconf 85' lang='lat' dir='ltr'>abdominis,</span> <span class='ocrx_word' id='word_1_132' title='bbox 834 3053 953 3132; x_wconf 87' lang='lat' dir='ltr'>rarius</span> <span class='ocrx_word' id='word_1_133' title='bbox 982 3077 1135 3156; x_wconf 89' lang='lat' dir='ltr'>quoque</span> 
     </span>
     <span class='ocr_line' id='line_1_23' title="bbox 79 3173 1136 3280; baseline -0.007 -28"><span class='ocrx_word' id='word_1_134' title='bbox 79 3191 221 3280; x_wconf 90' lang='lat' dir='ltr'>puncto</span> <span class='ocrx_word' id='word_1_135' title='bbox 235 3201 347 3277; x_wconf 89' lang='lat' dir='ltr'>supra</span> <span class='ocrx_word' id='word_1_136' title='bbox 367 3200 477 3250; x_wconf 83' lang='lat' dir='ltr'>coras</span> <span class='ocrx_word' id='word_1_137' title='bbox 497 3174 677 3276; x_wconf 86' lang='lat' dir='ltr'>posticas,</span> <span class='ocrx_word' id='word_1_138' title='bbox 704 3173 976 3250; x_wconf 83' lang='lat' dir='ltr'>virescentibus</span> <span class='ocrx_word' id='word_1_139' title='bbox 991 3187 1056 3246; x_wconf 87' lang='lat' dir='ltr'>aut</span> <span class='ocrx_word' id='word_1_140' title='bbox 1069 3173 1136 3246; x_wconf 88' lang='lat' dir='ltr'>fla-</span> 
     </span>
     <span class='ocr_line' id='line_1_24' title="bbox 78 3292 1137 3384; baseline -0.007 -12"><span class='ocrx_word' id='word_1_141' title='bbox 78 3295 334 3384; x_wconf 85' lang='lat' dir='ltr'>vescentibus,</span> <span class='ocrx_word' id='word_1_142' title='bbox 368 3295 557 3372; x_wconf 87' lang='lat' dir='ltr'>interdum</span> <span class='ocrx_word' id='word_1_143' title='bbox 590 3292 854 3370; x_wconf 90' lang='lat' dir='ltr'>subobsoletis.</span> <span class='ocrx_word' id='word_1_144' title='bbox 920 3293 1137 3370; x_wconf 74' lang='lat' dir='ltr'>Scaienum</span> 
     </span>
     <span class='ocr_line' id='line_1_25' title="bbox 80 3411 1138 3518; baseline -0.005 -28"><span class='ocrx_word' id='word_1_145' title='bbox 80 3415 420 3505; x_wconf 89' lang='lat' dir='ltr'>subacumiuatum,</span> <span class='ocrx_word' id='word_1_146' title='bbox 448 3415 556 3518; x_wconf 92' lang='lat' dir='ltr'>apice</span> <span class='ocrx_word' id='word_1_147' title='bbox 575 3441 642 3492; x_wconf 88' lang='lat' dir='ltr'>seu</span> <span class='ocrx_word' id='word_1_148' title='bbox 660 3413 841 3495; x_wconf 88' lang='lat' dir='ltr'>lateribus</span> <span class='ocrx_word' id='word_1_149' title='bbox 858 3411 1048 3490; x_wconf 84' lang='lat' dir='ltr'>virescens</span> <span class='ocrx_word' id='word_1_150' title='bbox 1072 3426 1138 3486; x_wconf 91' lang='lat' dir='ltr'>aut</span> 
     </span>
     <span class='ocr_line' id='line_1_26' title="bbox 81 3532 1138 3640; baseline -0.004 -30"><span class='ocrx_word' id='word_1_151' title='bbox 81 3537 296 3612; x_wconf 84' lang='lat' dir='ltr'>flavescens.</span> <span class='ocrx_word' id='word_1_152' title='bbox 338 3538 442 3615; x_wconf 82' lang='lat' dir='ltr'>Alae</span> <span class='ocrx_word' id='word_1_153' title='bbox 455 3533 862 3640; x_wconf 83' lang='lat' dir='ltr'>sublumatohyalinae,</span> <span class='ocrx_word' id='word_1_154' title='bbox 890 3532 1062 3634; x_wconf 90' lang='lat' dir='ltr'>stigmate</span> <span class='ocrx_word' id='word_1_155' title='bbox 1077 3557 1138 3606; x_wconf 83' lang='lat' dir='ltr'>ra·</span> 
     </span>
     <span class='ocr_line' id='line_1_27' title="bbox 81 3652 1138 3758; baseline -0.004 -30"><span class='ocrx_word' id='word_1_156' title='bbox 81 3654 144 3730; x_wconf 91' lang='lat' dir='ltr'>dio</span> <span class='ocrx_word' id='word_1_157' title='bbox 159 3669 198 3730; x_wconf 90' lang='lat' dir='ltr'>et</span> <span class='ocrx_word' id='word_1_158' title='bbox 210 3653 337 3732; x_wconf 89' lang='lat' dir='ltr'>radice</span> <span class='ocrx_word' id='word_1_159' title='bbox 351 3653 619 3757; x_wconf 79' lang='lat' dir='ltr'>piceo-fulvis,</span> <span class='ocrx_word' id='word_1_160' title='bbox 647 3655 842 3758; x_wconf 76' lang='lat' dir='ltr'>squamulae</span> <span class='ocrx_word' id='word_1_161' title='bbox 857 3652 981 3730; x_wconf 88' lang='lat' dir='ltr'>albida</span> <span class='ocrx_word' id='word_1_162' title='bbox 994 3666 1138 3754; x_wconf 83' lang='lat' dir='ltr'>puncto</span> 
     </span>
     <span class='ocr_line' id='line_1_28' title="bbox 81 3771 1139 3878; baseline -0.003 -29"><span class='ocrx_word' id='word_1_163' title='bbox 81 3773 205 3876; x_wconf 81' lang='lat' dir='ltr'>uigr03</span> <span class='ocrx_word' id='word_1_164' title='bbox 232 3775 360 3850; x_wconf 85' lang='lat' dir='ltr'>areola</span> <span class='ocrx_word' id='word_1_165' title='bbox 380 3774 542 3878; x_wconf 87' lang='lat' dir='ltr'>regulari</span> <span class='ocrx_word' id='word_1_166' title='bbox 563 3773 697 3851; x_wconf 88' lang='lat' dir='ltr'>sessili.</span> <span class='ocrx_word' id='word_1_167' title='bbox 751 3773 873 3851; x_wconf 84' lang='lat' dir='ltr'>Pedes</span> <span class='ocrx_word' id='word_1_168' title='bbox 888 3771 991 3847; x_wconf 83' lang='lat' dir='ltr'>coxis</span> <span class='ocrx_word' id='word_1_169' title='bbox 1006 3786 1046 3848; x_wconf 89' lang='lat' dir='ltr'>et</span> <span class='ocrx_word' id='word_1_170' title='bbox 1059 3787 1139 3846; x_wconf 85' lang='lat' dir='ltr'>tro·</span> 
     </span>
     <span class='ocr_line' id='line_1_29' title="bbox 81 3889 1139 3996; baseline -0.002 -28"><span class='ocrx_word' id='word_1_171' title='bbox 81 3892 323 3971; x_wconf 90' lang='lat' dir='ltr'>chauteribus</span> <span class='ocrx_word' id='word_1_172' title='bbox 337 3893 465 3996; x_wconf 90' lang='lat' dir='ltr'>nigris,</span> <span class='ocrx_word' id='word_1_173' title='bbox 478 3894 537 3972; x_wconf 92' lang='lat' dir='ltr'>his</span> <span class='ocrx_word' id='word_1_174' title='bbox 553 3894 741 3970; x_wconf 86' lang='lat' dir='ltr'>interdum</span> <span class='ocrx_word' id='word_1_175' title='bbox 755 3892 863 3994; x_wconf 89' lang='lat' dir='ltr'>apice</span> <span class='ocrx_word' id='word_1_176' title='bbox 877 3889 1002 3981; x_wconf 81' lang='lat' dir='ltr'>lulv03</span> <span class='ocrx_word' id='word_1_177' title='bbox 1019 3892 1139 3969; x_wconf 81' lang='lat' dir='ltr'>femo-</span> 
     </span>
     <span class='ocr_line' id='line_1_30' title="bbox 81 4008 1141 4118; baseline -0.007 -28"><span class='ocrx_word' id='word_1_178' title='bbox 81 4013 184 4090; x_wconf 90' lang='lat' dir='ltr'>ribus</span> <span class='ocrx_word' id='word_1_179' title='bbox 201 4015 264 4090; x_wconf 90' lang='lat' dir='ltr'>vel</span> <span class='ocrx_word' id='word_1_180' title='bbox 286 4015 328 4114; x_wconf 94' lang='lat'>1)</span> <span class='ocrx_word' id='word_1_181' title='bbox 342 4012 474 4104; x_wconf 82' lang='lat' dir='ltr'>fulvis,</span> <span class='ocrx_word' id='word_1_182' title='bbox 502 4013 659 4118; x_wconf 90' lang='lat' dir='ltr'>posticis</span> <span class='ocrx_word' id='word_1_183' title='bbox 674 4013 804 4092; x_wconf 89' lang='lat' dir='ltr'>subtus</span> <span class='ocrx_word' id='word_1_184' title='bbox 818 4013 925 4092; x_wconf 84' lang='lat' dir='ltr'>basin</span> <span class='ocrx_word' id='word_1_185' title='bbox 940 4027 1067 4090; x_wconf 84' lang='lat' dir='ltr'>versus</span> <span class='ocrx_word' id='word_1_186' title='bbox 1082 4008 1141 4084; x_wconf 89' lang='lat' dir='ltr'>ni-</span> 
     </span>
    </p>
   </div>
   <div class='ocr_carea' id='block_1_6' title="bbox 0 0 1376 4634">
    <p class='ocr_par' dir='ltr' id='par_1_7' title="bbox 0 0 1376 4634">
     <span class='ocr_line' id='line_1_31' title="bbox 0 0 1376 4634; baseline 0 0"><span class='ocrx_word' id='word_1_187' title='bbox 0 0 1376 4634; x_wconf 95' lang='lat' dir='ltr'> </span> 
     </span>
    </p>
   </div>
  </div>
 </body>
</html>
