2652 4628
249 192 415 244 rrnrua
443 191 543 242 rim.
572 173 617 242 Π.
647 193 899 244 urssonors.
1057 185 1102 252 31

135 853 246 952 Caput
272 867 532 928 transversum
560 844 690 943 breve,
718 853 904 928 rarissime
930 852 1107 930 bicornu-

80 987 136 1044 tun
152 975 207 1070 (t.
230 971 420 1066 bicorni).
448 1015 502 1028 --
528 973 642 1050 Oculi
662 973 806 1062 orales,
833 976 1107 1074 prominentes,

80 1091 238 1190 speciebus
260 1091 451 1168 sectionis
470 1101 497 1170 2
516 1107 557 1168 et
575 1102 599 1171 3
619 1091 779 1193 majores
801 1117 915 1194 quam
935 1093 1109 1195 plurimis

79 1212 208 1314 reliquis.
234 1255 292 1270 -
318 1209 529 1290 Antenno'e
543 1209 700 1313 graciles
715 1228 780 1287 aut
792 1211 1012 1300 mediocres,
1028 1214 1112 1288 lon-

86 1332 171 1428 giusta
181 1349 244 1408 act
258 1329 474 1421 breviores,
491 1332 715 1434 plerumque
729 1334 838 1435 apice
851 1350 1038 1410 curvatae.
1061 1373 1113 1390 -

86 1456 228 1530 laternas
250 1469 293 1528 et
311 1469 450 1554 portes
468 1459 553 1528 oris
572 1452 691 1528 lusius
713 1454 919 1557 descriptas
942 1453 1111 1530 invenies

80 1573 127 1646 sub
141 1575 337 1650 Lissonota
361 1589 499 1648 setosa.
527 1613 581 1628 -
605 1573 771 1648 Thorax
792 1573 926 1676 gibbus
947 1589 1012 1648 aut
1031 1573 1112 1674 gib-

75 1691 169 1767 lalus.
192 1737 245 1752 -
271 1695 309 1770 S
311 1697 499 1772 cutellum
514 1691 687 1793 plurimis
701 1695 932 1795 triangulare
946 1708 1011 1770 aut
1025 1692 1113 1768 sub-

74 1811 316 1904 orbiculatum,
345 1839 562 1892 convexum
581 1829 645 1887 aut
661 1813 1028 1905 subtuberculatum,
1055 1841 1115 1889 ra-

73 1931 134 2006 rius
145 1932 459 2038 subquadratum3
489 1934 700 2023 nonnullis,
729 1934 877 2010 scilicet
896 1936 939 2010 L.
952 1943 1115 2034 griseae,

74 2067 293 2145 tomentosoe,
316 2040 641 2155 brochp‘centroe,
659 2055 773 2130 latius
788 2055 939 2158 planius
953 2055 1115 2155 subqua-

72 2173 209 2264 tlratum‚
251 2177 408 2276 apicem
443 2199 572 2248 uersus
605 2177 743 2249 sensim
778 2191 1026 2277 angustatum.
1064 2215 1116 2230 -

72 2297 154 2371 Alce
171 2298 388 2374 mediocres
408 2308 475 2367 aut
494 2294 657 2395 amplae,
685 2295 950 2370 areola‘rarius
973 2293 1117 2396 majore

73 2409 357 2504 subrliomlieata,
378 2414 604 2516 plerumque
617 2414 851 2517 triangulari,
873 2413 1036 2516 regulari
1053 2427 1118 2488 aut

72 2533 263 2638 irregulari,
295 2534 710 2633 sessiliautpetiolata,
738 2534 927 2610 interdum
942 2534 1118 2610 minutis-

72 2654 146 2728 sima
158 2659 337 2734 obsoleta
352 2653 537 2754 petiolata
552 2656 614 2750 (L.
632 2655 860 2755 orricoloe),
887 2669 952 2728 aaut
965 2653 1119 2728 omnino

73 2776 168 2853 nulla.
193 2823 247 2834 -
275 2775 404 2852 Pedes
416 2773 622 2849 mediocres
644 2791 708 2848 aut
730 2773 976 2875 subgraciles,
1003 2775 1121 2846 inter-

72 2893 144 2968 dum
155 2896 382 2998 graciliores
397 2895 582 2994 elongati,
610 2921 642 2969 e.
659 2919 693 2996 g.
711 2893 891 2972 bellatori
906 2909 946 2967 et
959 2891 1123 2977 bicorni,

74 3038 329 3120 nonnunquam
361 3011 568 3090 semoribus
596 3015 752 3116 posticis
779 3009 1123 3097 subcrassiusculis,

76 3137 409 3214 v.c.dec1·matori.
436 3175 489 3193 -
513 3134 713 3214 Abdomen
736 3133 868 3211 sessile
888 3145 955 3207 aut
977 3128 1124 3230 subses-

76 3251 150 3345 sile,
171 3255 352 3358 plurimis
368 3255 596 3356 elongatum,
624 3256 838 3332 sublineare
854 3261 919 3326 aut
931 3248 1124 3350 subcylin-

75 3371 219 3465 dricum,
255 3371 416 3452 thorace
443 3376 593 3478 longius
621 3376 781 3477 ejusque
809 3371 1027 3460 latitudine,
1061 3367 1124 3444 vel

79 3497 175 3590 paulo
193 3498 403 3599 angustius,
425 3497 531 3572 laeve
545 3495 716 3586 nitidum,
744 3493 968 3596 quibusdam
987 3489 1126 3566 subob-

81 3611 234 3716 longum3
262 3618 387 3692 rarius
407 3614 573 3692 thoracis
596 3615 834 3714 longitudine
855 3629 895 3689 et
911 3609 1126 3696 latitudine,

81 3733 437 3838 oblongo-ovatum,
464 3763 497 3812 e.
514 3763 548 3838 g·
572 3743 799 3838 occupatori
818 3751 857 3811 et
878 3733 1130 3812 decimatori,·

84 3853 255 3933 rarissime
267 3857 472 3960 segmentis
490 3867 589 3935 1-3
601 3855 800 3932 confertim
815 3851 967 3958 punctis
987 3848 1128 3954 opacis,

87 3976 299 4076 marginibus
321 3971 554 4056 subelerntis¹
572 3975 701 4054 nitidis
726 3977 789 4077 (L.
808 3973 988 4072 setosae).
1041 3971 1130 4070 Seg-
