2652 4628
617 243 784 294 Ptntetn

171 849 318 990 Caput
338 881 453 956 breve
482 891 752 967 transversum,
780 899 908 954 versus
931 878 1074 954 collum
1098 877 1237 955 suban-

171 1019 371 1110 gustatum,
393 999 518 1076 lronte
533 999 722 1076 interdurn
738 1013 907 1074 cornuta.
932 1041 985 1057 ·-
1010 1001 1127 1076 Oculi
1144 1025 1234 1077 ova-

171 1129 240 1205 les.
255 1167 307 1185 -
320 1121 523 1201 Ant‘ennce
536 1118 693 1221 graciles
709 1133 774 1193 aut
789 1119 1009 1209 mediocres,
1026 1135 1234 1222 porrectae,

172 1246 281 1348 apice
302 1255 486 1318 curvatae.
514 1281 567 1296 —
592 1241 785 1316 Antennae
806 1256 845 1315 et
862 1257 995 1343 partes
1015 1246 1095 1317 oris
1114 1239 1235 1317 fusius

171 1363 383 1463 descriptae
409 1357 558 1434 suntin
584 1373 673 1434 nota
701 1360 747 1434 ad
769 1359 833 1435 Gl.
861 1361 1149 1437 flavolineatam.
1184 1403 1237 1419 -

171 1485 340 1561 Thorax
350 1479 528 1581 gibbulus
543 1492 609 1553 aut
622 1477 1054 1579 gibbulo·cylindricus
1068 1523 1120 1540 -·-
1138 1481 1237 1562 Scu-

172 1607 305 1682 tellum
325 1625 533 1674 convexum
548 1597 788 1702 triangulare.
814 1629 877 1654 -·
890 1599 994 1676 Alae
1012 1601 1233 1692 mediocres,

173 1723 299 1800 areola
321 1718 437 1794 nulla.
467 1759 518 1799 ,-
552 1716 675 1812 Pedes
701 1716 922 1794 mediocres.
949 1761 1002 1776 -
1033 1719 1236 1799 Abdomen

174 1843 307 1921 sessile
323 1838 526 1914 nitidulum
542 1836 967 1938 subdepressiusculunr,
982 1837 1137 1917 thorace
1150 1841 1236 1916 lon·

172 1968 276 2068 gius,
301 1957 493 2060 hujusque
513 1954 732 2044 latitudine,
761 1957 1085 2035 sublanceolatum
1106 1977 1172 2036 aut
1185 1962 1236 2037 li-

173 2074 300 2172 neare,
328 2075 529 2180 segmentis
548 2073 669 2156 tribus
684 2073 828 2152 ultimis
843 2077 990 2180 apicem
1004 2107 1132 2156 versus
1150 2107 1235 2157 sen-

174 2206 243 2282 sim
263 2197 488 2304 angustatis3
515 2196 616 2272 linea
636 2195 902 2298 longitudinali
926 2197 1064 2274 dorsali
1085 2199 1234 2277 subele-

172 2341 273 2414 vata,
301 2323 341 2396 in
362 2316 507 2396 ultimis
533 2317 734 2419 segmentis
754 2335 1017 2410 evanescente,
1045 2318 1233 2395 interdum

171 2457 252 2522 tota
275 2439 464 2527 obsoleta,
492 2437 694 2540 segmentis
714 2446 756 2528 2,
785 2447 827 2528 8,
856 2445 937 2519 etl
960 2439 1072 2516 lineis
1090 2439 1233 2515 duabus

173 2561 381 2668 impressis,
417 2557 574 2660 oblique
599 2584 646 2635 ex
671 2555 818 2660 angulis
847 2558 1070 2662 apicalibns,
1104 2584 1232 2634 tersus

172 2685 337 2761 medium
361 2680 512 2768 baseos,
541 2678 841 2756 ascendentibus.
896 2681 1134 2782 Segmentum
1155 2677 1233 2780 pri-

171 2831 275 2881 mum
291 2799 599 2902 subquadratum,
626 2799 688 2876 vel
709 2797 911 2874 latitudine
931 2799 1046 2900 paulo
1069 2798 1231 2900 longius,

172 2925 233 3002 vel
255 2921 363 2998 basin
386 2945 515 2996 versus
538 2944 671 3020 parum
699 2917 908 3020 angustius,
942 2918 1087 3007 sessile,
1119 2918 1231 2994 lineis

172 3044 317 3120 duabus
332 3040 489 3118 elevatis
506 3037 855 3141 longitudinalibus,
871 3036 1081 3115 tuberculis
1094 3039 1232 3116 latera-

171 3167 273 3242 libus
295 3178 382 3239 ante
401 3160 509 3239 basin
532 3158 625 3236 sitis.
653 3201 706 3220 -
738 3161 908 3238 Aculeus
920 3159 983 3237 vel
994 3159 1231 3262 longitudine

171 3283 382 3362 abdominis
407 3282 468 3358 vel
490 3280 691 3356 abdomine
716 3279 877 3381 longior.

248 3404 388 3479 Lineae
400 3401 578 3502 obliquae
593 3401 797 3500 impressae
817 3413 1094 3501 segmentorum
1115 3401 1231 3473 inter·
1277 3421 1282 3430 ·

169 3527 379 3603 mediorum
400 3521 653 3596 characterem
678 3518 944 3620 subpeditant,¹
958 3545 1035 3621 quo
1063 3519 1229 3621 Glyptae

169 3675 190 3724 a
221 3647 435 3724 Lissonotis
458 3655 496 3716 et
525 3639 816 3744 Polyspbinctis
842 3639 987 3742 optime
1012 3637 1230 3714 discernun-

168 3781 249 3855 tur;
277 3765 342 3841 sed
357 3763 451 3841 Liss.
468 3766 627 3850 striata,
642 3759 842 3861 segmentis
857 3758 1114 3848 biloveolatis,
1132 3758 1229 3832 sicut

169 3887 343 3990 Glyptis,
379 3881 503 3958 areola
525 3894 650 3955 autem
678 3879 915 3980 triangulari,
951 3877 1054 3952 sicut
1074 3879 1112 3951 in
1140 3877 1229 3952 reli·
1310 3939 1318 3950 .

167 4007 252 4111 quis
267 4004 494 4094 Lissonotis,
516 4000 680 4078 medium
693 4013 797 4085 tenet
812 3999 911 4074 inter
926 3997 991 4074 has
1007 4013 1045 4075 et
1059 3999 1156 4072 illas.
1177 4039 1229 4054 -·
