2764 4628
285 154 384 206 ram.
413 139 448 220 I,
476 154 593 208 sncr.
621 155 661 206 11.
689 155 969 207 xrnonomua.
1084 143 1158 217 851

103 321 174 397 bus
207 344 476 421 nonnunquam
506 318 615 396 basin
647 345 775 396 versus
807 319 1006 410 castaneis,
1041 323 1161 399 rarius

104 441 195 516 rufis
227 439 405 542 geniculo
440 437 559 542 nigro.
620 438 823 520 Abdomen
857 448 977 518 maris
1007 439 1161 520 thorace

104 560 225 663 duplo
252 575 317 635 aut
344 559 430 662 plus
459 559 578 663 duplo
604 560 772 661 longius,
806 584 928 662 eoque
957 563 1162 662 angustius,
1235 553 1237 558 ¹

105 679 424 783 subaequilalum,
451 679 594 770 rulum3
621 695 814 782 segmento
831 689 851 758 1
867 680 1070 756 latitudine
1083 680 1163 759 lere

105 801 317 904 quadruplo
334 797 525 900 longiore,
552 799 699 903 apicem
724 825 853 876 versus
873 799 1013 876 sensim
1033 828 1165 903 parum

104 920 282 1008 dilatata,
318 917 586 1008 canaliculat0;
610 921 788 1020 feminac
818 920 953 1023 capitis
981 920 1166 998 thoracis·

106 1021 180 1143 ¹que
212 1039 452 1140 longitudine
491 1054 530 1116 et
568 1039 787 1130 latitudine,
827 1039 1041 1130 l'usilorme3
1082 1069 1165 1144 seg-

105 1175 235 1236 mento
265 1167 284 1236 1
313 1157 517 1236 latitudine
549 1157 629 1234 lere
656 1159 775 1261 triplo
801 1158 990 1260 longiore,
1018 1163 1167 1264 apicem

107 1306 238 1358 versus
263 1279 401 1354 sensim
425 1279 600 1368 dilatato,
627 1278 763 1354 latiore
784 1305 895 1381 quam
917 1281 1027 1369 mari,
1055 1282 1166 1359 lineis

107 1401 251 1478 duabus
265 1399 441 1487 elevatis;
468 1404 583 1476 4-6
597 1414 727 1475 ventre
741 1399 948 1501 productis.
996 1403 1167 1481 Aculeus

108 1517 347 1622 longitudine
369 1518 597 1609 abdominis,
624 1519 768 1624 uaginis
788 1519 923 1620 nigria·
970 1523 1066 1598 Mas
1083 1549 1168 1624 seg·
1283 1580 1288 1590 .

110 1657 240 1723 mento
260 1654 397 1716 octavo
424 1638 635 1716 accessorio
661 1663 865 1742 perparv0,
892 1639 1001 1741 apice
1027 1639 1168 1730 hiante,

110 1761 220 1863 stylis
247 1757 394 1834 duobus
420 1772 460 1834 et
483 1759 645 1837 valvulis
678 1759 840 1850 duabus,
874 1760 974 1838 sicut
1001 1761 1041 1836 in
1067 1787 1169 1838 mare

111 1883 162 1962 X.
188 1884 345 1956 nitentis
369 1876 544 1967 exsertis,
580 1877 750 1954 membro
784 1881 1010 1958 intermedio
1042 1897 1169 1958 autem

112 2025 305 2102 nunquam
329 1997 549 2100 conspicuo.

113 2181 119 2188 .
147 2195 151 2204 ,
188 2119 325 2222 Magna
340 2116 450 2220 copia
463 2117 622 2194 marium
636 2133 676 2193 et
688 2120 818 2220 plures
833 2117 1007 2210 feminae,
1032 2123 1171 2198 mensi-

112 2240 184 2318 bus
212 2237 313 2314 Iunii
342 2251 382 2316 et
401 2236 509 2326 Iulii,
537 2237 636 2312 circa
662 2239 704 2317 V
701 2240 961 2327 ratislacr'am,
989 2241 1030 2316 in
1059 2243 1174 2318 strui·

111 2361 183 2438 baa
204 2359 395 2462 lignorum
414 2356 538 2432 lectae
558 2371 655 2432 sunt.
712 2357 907 2453 Quaedam
933 2361 1037 2460 paria
1058 2363 1173 2438 etiam
1205 2443 1207 2448 ,

114 2479 263 2582 accepi,
291 2477 391 2553 circa
411 2478 633 2554 Barolinum
658 2489 697 2550 et
726 2475 768 2552 in
792 2478 958 2578 Regione
972 2480 1176 2580 pedemon-

115 2619 212 2686 tana
243 2613 370 2701 capta,
403 2599 599 2706 maresquc
632 2596 854 2686 nonnullos,
887 2597 987 2674 circa
1014 2601 1176 2706 Nieslcy,

114 2721 404 2808 Hannoveram,
432 2713 809 2800 Vindoboncm‘etin
822 2719 1173 2822 Hungarr’clcctca.

531 3022 766 3102 Varietas:

199 3207 232 3277 1.·
259 3193 383 3276 Tibiis
395 3193 653 3274 anterioribus
670 3223 744 3301 pro
761 3212 875 3301 parte
891 3201 1024 3299 nigris.
1049 3223 1100 3275 m.
1126 3237 1180 3260 -·

120 3316 258 3398 Tibiae
277 3316 423 3394 aulicae
442 3312 813 3418 rulo-ferrugineae,
840 3317 922 3392 basi
942 3319 1066 3410 albae,
1094 3335 1182 3398 ante

118 3439 229 3514 basin
255 3434 401 3538 nigrae3
433 3433 581 3516 mediae
608 3436 752 3539 nigrae,
785 3437 868 3512 basi
895 3438 1020 3529 albae,
1048 3441 1180 3518 aubtna

121 3583 252 3636 versus
267 3555 413 3659 apicem
430 3553 678 3656 ferrugineae.
705 3599 758 3614 -
788 3559 945 3636 Caetera
960 3553 1056 3636 utin
1068 3562 1183 3638 mari·

121 3679 193 3758 bus
214 3675 386 3778 genuinis
406 3675 591 3777 plurimis.

201 3801 311 3872 Duos
339 3821 478 3882 mares,
510 3821 598 3870 cum
631 3797 824 3898 genuinis,
856 3797 957 3876 circa
987 3801 1184 3880 Vratisla.

124 3925 225 3996 vium
253 3918 393 4004 lecaos,
420 3912 561 4016 accepi.
