2770 4630
272 239 374 292 nan.
403 223 438 308 1,
466 239 584 293 anna.
613 242 665 297 tv.
692 240 969 300 canaoannx.
1074 223 1152 308 619

90 404 218 508 nigro,
251 402 359 508 apice
384 403 654 507 utplurimum
675 419 868 496 castanea,
901 420 1010 508 parte
1028 405 1154 481 antica

89 524 347 628 plani-uacua,
376 525 523 627 apicem
537 547 665 601 versus
679 525 818 602 sensim
829 525 1001 616 dilatata,
1027 525 1154 627 longi-

89 644 225 721 tudine
244 644 399 746 petioli,
425 645 545 747 triplo
567 658 692 720 antem
705 645 767 722 vel
787 648 919 722 saltem
933 647 1020 750 plus
1033 646 1152 749 duplo

90 765 232 842 latiore
252 792 365 868 quam
389 763 474 853 ille;
508 773 748 856 sscastane03
782 775 806 845 3
835 766 895 843 vel
922 781 1006 841 toto
1033 781 1154 839 casta·

90 910 184 976 nen,
218 885 281 960 vel
303 883 469 985 margine
498 884 623 987 nigre,
655 885 718 961 vel
739 885 864 990 nigro,
897 884 1003 962 diseo
1022 884 1153 974 badia,

91 1003 338 1108 sequentibus
360 1001 495 1106 nigris,
530 1011 555 1082 4
580 1030 848 1108 nonnunquam
866 1005 947 1080 basi
967 1019 1150 1079 castanea.

89 1125 263 1206 Aculeus
274 1121 514 1224 longitudine
532 1124 680 1200 dimidii
695 1123 917 1214 abdominis,
943 1124 1006 1202 vel
1020 1149 1154 1228 parum

90 1243 260 1345 longior,
287 1243 435 1320 tenebra
454 1241 562 1346 apice
582 1243 676 1322 rufa.

170 1365 262 1440 Duo
277 1362 381 1465 paria
405 1363 584 1464 a-Stenen
598 1363 1014 1442 trantamisiteTnnria.
1047 1365 1157 1442 Prae·

92 1499 197 1562 terea
214 1511 329 1562 unum
344 1509 486 1561 manem
499 1485 628 1586 aecapi
643 1513 664 1561 e
680 1487 843 1584 Reginae
857 1483 1155 1574 Pedemontana,

93 1603 493 1708 pluaesqnelemiaaa,
521 1603 945 1706 eirca-Norimbergnm,
971 1603 1158 1696 Genuam)

95 1724 195 1804 etin
217 1723 418 1828 Vollynia
444 1723 576 1804 lentae.

297 1947 435 2024 Nota:

173 2085 278 2160 llaec
307 2082 454 2186 species
480 2084 545 2162 vix
566 2085 613 2163 ad
639 2085 832 2189 Ophionet
857 2083 989 2162 referri
1017 2100 1155 2187 potest.

93 2203 292 2284 Abdomen
322 2204 475 2306 quidem
502 2219 561 2285 est
586 2207 811 2306 petiolatum
831 2221 871 2281 et
896 2204 1159 2306 subcompres-

93 2341 192 2415 anna,
221 2323 288 2402 sed
299 2323 451 2401 brevius
464 2339 506 2404 et
524 2325 703 2416 erassina,
731 2325 913 2427 segmenti
927 2324 1040 2426 primi
1054 2339 1159 2426 parte

95 2445 223 2522 antica
250 2445 425 2546 planiore
449 2460 489 2522 et
508 2445 662 2534 latiore,
696 2445 914 2546 alarumque
935 2444 1059 2522 areola
1080 2470 1160 2518 ma-

95 2563 199 2666 jone,
234 2591 347 2666 qnam
374 2565 468 2641 alias
491 2592 573 2643 asae
597 2565 733 2644 solent.
788 2566 983 2642 Praeterea
1007 2588 1160 2665 quoque

95 2683 322 2760 feminarum
344 2701 527 2764 antennae
545 2684 745 2762 annulatae
766 2683 807 2760 in
826 2683 932 2760 nulla
951 2683 1025 2760 alia
1045 2681 1159 2784 hujus

96 2803 267 2880 familiae
282 2807 408 2908 speeie
422 2803 677 2883 inveniuntur.
731 2803 903 2882 Medium
916 2817 1045 2882 tenere
1060 2803 1162 2880 vide·

97 2939 163 3000 tna
187 2926 288 3000 inter
316 2925 412 3002 hane
438 2925 622 3004 familiam
651 2941 691 3000 et
716 2929 957 3029 Cryptornm
977 2924 1162 3002 familiam

99 3044 313 3122 secundam.
392 3043 921 3148 Abdomineanbcompresao
954 3059 994 3121 et
1020 3042 1161 3121 eellnla

99 3162 258 3240 cubitali
290 3163 514 3241 intermedia
539 3164 778 3265 triangulari,
816 3164 953 3240 melius
987 3162 1162 3264 congruit

100 3309 188 3359 cum
220 3284 439 3386 Ophionnm
473 3284 617 3360 familia
652 3285 790 3386 prima,
825 3283 943 3358 forma
978 3282 1162 3384 segmenti

99 3403 213 3504 primi
242 3418 385 3492 autem,
429 3430 499 3480 nea
527 3429 604 3481 non
632 3404 804 3483 antennis
831 3402 1036 3495 annulatis,
1075 3429 1162 3480 enm

79 3519 243 3622 ‘nmilia
268 3524 431 3606 secunda
458 3529 706 3630 cryptarum.
