2776 4628
447 187 548 270 ran.
576 201 621 270 ΙΙ.
650 217 873 270 ramseus.
1111 199 1188 274 633

127 405 241 486 quam
256 381 395 459 fuscae.
450 381 620 460 Thorace
630 381 824 484 gibbulus3
850 381 954 457 colio
973 395 1012 458 es
1032 395 1188 484 pectore

127 501 265 604 nigris3
292 499 549 578 merethorao'e
575 504 636 580 vel
660 519 764 594 soto,
790 504 865 581 vel'
882 501 1063 579 lateribus
1083 503 1185 592 solis,

127 623 254 724 nigro,
279 622 471 698 interdum
491 623 815 725 panetis‘duobns
837 623 1048 699 dorsalibus
1075 623 1187 710 rufis,

126 740 366 845 pmrboraeis
405 741 519 818 dorso
557 732 659 833 rnio,
699 744 924 846 plerumque
962 743 1062 819 linea
1103 765 1187 832 nna,

125 859 249 938 rarius
277 883 405 937 earnm
429 862 567 952 trihus,
587 861 872 965 ·nigricantibu's
899 861 1188 964 longitudinali-

125 981 210 1058 bns.
257 983 471 1060 Scuteiium
487 981 639 1084 gibbum
655 983 793 1059 rusum.
839 981 1186 1084 Ainesubamplae,

125 1100 428 1202 fulvohyalinae‚
444 1103 631 1204 'stigmate
655 1103 761 1177 radio
784 1101 969 1178 redisset
991 1102 1186 1206 squamula

124 1221 260 1310 fulvis3
287 1221 413 1298 areola
433 1221 666 1324 snbregnlnri
688 1219 822 1299 sessili;
878 1219 999 1299 Pedes
1019 1219 1187 1324 elongati

127 1341 245 1430 fulvis
257 1359 369 1445 saepe
385 1356 561 1420 coxarum
576 1341 827 1444 posoeriorurn
840 1335 922 1418 basi
938 1343 1054 1444 nigra.
1102 1341 1186 1420 Aba

127 1461 272 1542 &mers
290 1460 611 1566 nromceeupro
641 1479 707 1539 aut
737 1463 826 1566 plus
863 1462 983 1566 duplo
1022 1460 1186 1562 longius,

124 1581 246 1658 forma
268 1596 307 1658 et
327 1582 508 1683 segmenti
529 1581 641 1685 primi
665 1581 912 1687 proportione
934 1580 1034 1658 siout
1046 1581 1086 1656 in
1101 1605 1188 1684 spe-

124 1702 185 1779 eie
198 1701 463 1802 anpeoedenter
488 1697 695 1808 segmentis
706 1705 820 1782 5-7
837 1701 964 1806 nigris,
980 1702 1003 1778 6
1018 1701 1187 1803 plerum-

124 1849 201 1926 que
214 1837 344 1899 ventre
359 1838 424 1897 aut
436 1823 516 1898 basi
531 1823 628 1900 ruso.
676 1825 848 1904 Aculeus
862 1837 1029 1899 exserens
1042 1821 1188 1898 brevis-

125 1942 241 2020 simus
254 1941 459 2033 testaceus3
486 1945 595 2045 stylis
616 1943 762 2020 duobus
783 1959 826 2020 us
845 1943 1051 2046 plurimum
1070 1943 1187 2046 snpra

124 2064 299 2139 aculeum
313 2062 481 2153 exsertis,
508 2063 753 2154 subclevatis,
780 2063 851 2140 illo
864 2061 987 2138 multo
1000 2060 1187 2138 breviori-

122 2183 195 2260 bus
223 2199 271 2261 ει·
291 2185 573 2288 gracilioribus,
606 2182 901 2272 rufesoentibus,
928 2181 1037 2285 apice
1062 2179 1182 2258 fusco.

201 2305 298 2409 Cepi
316 2303 414 2381 hane
436 2307 601 2410 speciem
621 2329 749 2380 mense
769 2302 945 2404 Augusti,
974 2301 1014 2374 in
1036 2301 1184 2377 umbel-

121 2423 222 2514 latis,
237 2427 334 2500 eirea
349 2427 557 2504 Crederem.
585 2425 711 2501 Pluria
727 2423 920 2499 individua
932 2419 978 2496 ad
993 2447 1054 2495 me
1065 2435 1187 2496 trans-

121 2542 346 2637 misserunt,
372 2546 474 2622 oiroa
491 2549 533 2627 V
531 2550 784 2635 ratistooiam,
814 2539 1089 2630 Warmbrunn,
1113 2541 1186 2622 Re-

120 2665 310 2755 roiinnm,
339 2669 381 2744 V
379 2665 630 2756 indobonam,
662 2689 732 2744 nec
761 2661 903 2738 nonin
932 2660 1087 2749 Gallio,
1112 2659 1185 2740 ee-

119 2789 235 2886 gione
251 2784 554 2888 pedemontana,
582 2787 624 2868 V
622 2785 804 2892 ollzynio,
828 2783 996 2872 Fannio,
1020 2783 1133 2860 lecta.

430 3041 435 3054 κ
533 3007 773 3102 Varistae}

200 3149 233 3221 1.
260 3143 422 3224 Pectore
434 3161 472 3225 et
485 3145 747 3223 merethorace
761 3143 1030 3221 immaculatis.
1052 3167 1102 3216 m.
1130 3181 1183 3202 -

118 3262 292 3341 Statura
324 3279 363 3342 et
396 3268 596 3372 proportio
634 3263 798 3369 partium
837 3261 992 3338 omnino
1025 3261 1185 3338 Panisci

118 3391 296 3474 testacei,
325 3411 362 3462 n.
393 3395 483 3477 107,
518 3385 627 3490 eujus
654 3386 783 3461 forsan
811 3382 971 3460 varietas
997 3381 1091 3460 haee
1113 3399 1182 3474 est,

119 3529 207 3578 curn
228 3505 342 3580 etiarn
361 3505 554 3582 individua
575 3509 619 3583 P.
635 3511 794 3586 testacei
813 3501 1053 3580 inveniantur
1066 3503 1183 3582 ebdo-

117 3622 231 3698 minis
256 3625 365 3732 apiee
383 3624 491 3702 fusco
511 3627 624 3728 (licet
643 3623 743 3700 haud
767 3624 892 3726 nigro,
920 3623 1019 3700 sient
1045 3624 1085 3699 in
1110 3621 1182 3704 has

119 3743 332 3846 varietate).
387 3745 587 3823 Individua
608 3745 734 3820 omnia
748 3743 928 3820 feminina
939 3747 1184 3848 glaucopten'

116 3863 290 3963 genuini,
319 3880 461 3941 statura
489 3864 633 3966 majore
663 3879 702 3941 et
730 3863 931 3956 crassiore,
959 3855 1182 3968 praeprimis

116 3981 242 4092 capite
260 3985 383 4064 multo
403 3984 564 4090 majore,
591 3983 727 4062 abhoc
746 4011 865 4078 mare,
892 3999 933 4066 ot
945 3985 992 4062 ab
1006 3985 1181 4066 omnihus
