2724 4630
461 245 698 298 retrorsus.
1031 235 1105 310 801

459 409 699 489 Varietasz

121 545 160 618 1.
187 535 366 616 Scnrelto
392 544 476 608 toto
503 538 625 632 nigro
652 571 704 591 -··
736 532 767 606 Δ
794 527 920 631 speeie
945 535 1108 635 genuina

50 657 136 734 baec
160 655 327 734 varietas
345 651 476 728 differt
493 649 693 729 abdomine
719 650 901 730 orassiore
920 667 960 728 et
978 667 1110 730 anten-

53 779 102 852 nis
115 773 379 859 bres·ioribus;
395 770 588 874 magisque
602 769 781 849 convenit
795 786 934 848 statura
949 797 1035 848 eum
1052 775 1110 850 in-

52 895 214 974 dividuis
230 890 475 968 crassioribus
497 891 636 993 speciei
652 891 928 981 antecedentis,
947 919 1108 996 quorum

54 1017 201 1092 innota
219 1013 389 1091 adilian
408 1008 572 1112 speciem
584 1009 815 1114 mentionem
829 1009 915 1088 feei.
930 1053 984 1068 —
1008 1013 1111 1090 Lon·

51 1136 186 1236 gitudo
200 1141 301 1213 <iv-7
316 1131 510 1216 linearum.
542 1135 671 1234 Caput
684 1130 809 1233 palpis
823 1147 863 1208 et
876 1131 971 1208 faeie
984 1133 1110 1222 flovis3

54 1257 154 1334 labro
171 1255 236 1332 vel
250 1265 333 1330 toto
348 1251 445 1326 flavo
459 1250 521 1326 vel
536 1250 687 1355 punctis
702 1251 849 1328 duobus
861 1251 979 1328 flavis.
1027 1255 1111 1332 An-

54 1395 187 1454 temnae
207 1372 365 1454 dimidio
387 1394 545 1474 torpore
559 1369 768 1471 longiorem
796 1370 926 1450 subtus
941 1373 1110 1452 articulis

57 1509 71 1576 1
97 1513 138 1576 et
166 1506 194 1574 2
218 1493 344 1582 flavis,
376 1487 622 1592 sequentibus
643 1491 885 1570 dilute·rufis
904 1509 972 1568 eut
988 1493 1112 1571 ferru-

54 1618 188 1718 gineis,
215 1611 406 1692 interdum
420 1608 567 1712 apicem
582 1635 711 1686 versus
725 1611 864 1690 sensim
875 1613 966 1688 totis
981 1614 1108 1716 nigris.

56 1739 222 1816 Thorax
235 1733 383 1810 macula
402 1745 488 1806 ante
501 1727 595 1819 nlns,
623 1729 740 1808 altere
756 1731 852 1808 infra
872 1731 966 1823 slas,
994 1735 1113 1812 inter-

55 1859 139 1934 dum
173 1877 329 1958 quoqne
355 1847 506 1954 punctis
539 1851 688 1928 dnobus
718 1851 931 1928 dorsalibus
961 1879 1112 1957 unoque

56 1979 199 2052 minuto
225 1971 378 2050 laterali
400 1968 683 2060 metethorneis,
720 1985 761 2047 et
786 1972 938 2074 punctis
965 1973 1113 2052 duobus

57 2092 289 2196 prothomeis
311 2107 398 2168 ente
417 2091 631 2180 scutellum,
658 2091 775 2167 flavis.
828 2094 933 2170 Aloe
952 2091 1114 2172 sumato-

59 2215 247 2318 hyslinae,
287 2210 475 2288 interdum
516 2233 645 2290 vorsus
678 2210 826 2286 radium
858 2211 1113 2304 obscuriorem

59 2335 156 2412 radio
176 2347 218 2410 et
243 2331 419 2434 stigmate
440 2330 656 2408 diluterufis
677 2345 743 2406 aut
761 2331 954 2423 testaceis,
987 2334 1114 2414 radice

58 2451 348 2556 testaceopioes,
383 2449 578 2554 muamnla
598 2448 721 2551 nigra,
754 2452 880 2528 areola
908 2449 1113 2547 subsessili,

59 2573 244 2652 interdum
270 2597 387 2653 nervo
406 2569 593 2650 exteriore
620 2569 855 2680 incompleto
883 2572 1113 2654 abbreviato.

61 2695 177 2776 Pedes
202 2690 308 2780 flavi,
342 2689 446 2768 coxis
466 2687 601 2792 nigris,
626 2687 834 2768 semoribus
856 2717 967 2797 supra
985 2694 1114 2796 nigris,

60 2811 330 2915 posterioribus
355 2809 436 2887 basi
457 2811 569 2899 flava,
601 2809 759 2912 posticis
787 2837 878 2890 vero
904 2813 1017 2890 etiam
1037 2843 1117 2892 mn·

61 2937 142 3012 rulo
162 2932 377 3034 fusconigra
405 2931 447 3006 in
472 2929 598 3006 medio
619 2930 748 3006 lateris
779 2931 884 3023 flavi,
918 2935 980 3012 vel
1008 2937 1117 3038 apice

62 3069 137 3132 toto
149 3056 268 3142 flavo,
293 3049 399 3127 tibiis
412 3049 580 3154 posticis,
593 3050 713 3125 rarius
727 3049 839 3126 etiam
854 3055 1116 3148 anterioribus,

62 3191 267 3252 extrorsum
287 3171 404 3248 fuscis
426 3185 492 3248 aut
511 3170 646 3272 nigris,
671 3169 781 3244 tarsis
796 3172 970 3273 posticis,
995 3177 1117 3253 rarius

65 3293 173 3371 etiam
216 3291 485 3382 anterioribus,
530 3289 658 3370 fuscis.
736 3288 938 3371 Abdomen
978 3320 1119 3372 orasse-

64 3430 260 3516 ponotum3
300 3427 494 3516 segmento
525 3418 545 3488 1
580 3409 642 3486 vel
669 3409 767 3486 flavo
795 3411 876 3488 basi
900 3409 1022 3516 nigra,
1055 3417 1119 3492 rel

66 3535 176 3639 nigro,
196 3547 341 3638 puncto
355 3531 578 3635 angulorum
592 3531 708 3618 flavo;
733 3532 964 3635 iutrimque
976 3551 1119 3638 puncto

66 3656 226 3759 angulari
245 3655 362 3742 flav03
389 3656 516 3732 8-6
533 3648 701 3752 margine
720 3651 828 3730 flavo.

133 3779 260 3854 Unum
294 3771 531 3849 individuum
565 3768 652 3872 cepi
680 3770 779 3846 cirea
824 3773 1120 3864 Vrotislorr'om,

65 3897 172 4001 idque
198 3892 374 3973 antennis
393 3889 553 3996 pedibus
576 3905 615 3966 et
635 3903 828 3990 segmento
853 3891 977 3996 primo
1002 3895 1120 3996 magis

67 4017 193 4124 nigris3
233 4017 398 4094 alterum
428 4011 617 4092 Bersere
654 4011 696 4090 V
693 4009 854 4114 ottynia
895 4003 1120 4105 transmisit}
