2770 4630
644 214 811 268 ocutos

475 507 550 570 100·
591 493 913 574 C.FLOR100LA,.
954 516 990 562 ιι.

399 663 587 731 Abdomine
614 685 822 755 compresse,
848 661 961 729 medio
986 659 1079 744 roim
1107 661 1198 729 tibiis
1226 673 1262 730 et

402 763 583 832 semoribus
605 765 709 846 rufis,
728 765 865 854 posticis
892 763 1201 853 nigro-maculatis.
1232 763 1260 830 l.
1374 838 1375 874 1

403 865 533 954 (aculeo
550 867 761 957 longitudine
779 878 913 952 quartae
924 866 1027 956 pertis
1044 865 1261 948 abdominis).
1374 875 1375 888 ¹

273 1091 444 1170 Statura
479 1110 520 1170 et
556 1093 756 1197 proportio
796 1091 961 1195 partium
993 1093 1261 1194 pugillatoris,

196 1219 342 1302 n.102‚
372 1213 437 1288 sed
450 1215 583 1290 aculeo
604 1213 777 1315 longiore
791 1228 832 1288 et
845 1211 952 1314 epioe
967 1213 1165 1301 crassiore,
1192 1212 1263 1286 aba

198 1330 427 1435 dominequc
460 1333 577 1434 paulo
610 1332 791 1408 crassiore
825 1329 965 1406 differt.
1030 1334 1061 1406 A
1091 1329 1263 1434 perfido,

196 1480 234 1528 n.
256 1459 325 1542 96,
350 1475 515 1555 quocum
543 1451 753 1528 abdominis
785 1451 907 1534 forma
933 1463 973 1526 et
997 1451 1261 1553 proportione,

196 1571 341 1674 optime
360 1571 564 1662 convenit,
597 1571 678 1664 hic,
706 1571 833 1650 areola
857 1571 1098 1674 triangulari,
1123 1571 1262 1647 aculeo
1376 1613 1377 1664 ι

196 1691 386 1793 longiore,
413 1691 573 1794 pedibus
586 1691 840 1781 brevioribus,
866 1690 1067 1768 distinctus
1082 1705 1152 1768 est

272 1813 496 1913 Longittulo
515 1814 678 1909 2¹l,-·-e
696 1809 894 1887 linearum.
950 1813 1081 1914 Caput
1094 1809 1264 1885 subseri-

197 1953 318 2020 ceum,
340 1955 406 2006 ore
418 1931 637 2036 totooigro.
683 1931 1114 2008 Tltoruscsubsericeus.
1154 1931 1263 2008 Alae
1377 1938 1378 2030 l

199 2047 648 2152 sublumato-hyalinae,
691 2051 865 2153 stigmate
895 2051 1003 2127 lusco
1035 2067 1101 2127 aut
1130 2049 1260 2126 medio

196 2183 383 2261 testaceo,
409 2171 515 2246 radio
541 2187 582 2248 et
608 2174 805 2275 aquamola
829 2171 966 2263 fuscis,
993 2171 1120 2248 radice
1142 2172 1263 2262 flava,

195 2289 322 2365 areola
346 2289 558 2394 ,irregulari
593 2292 734 2383 sessili,
776 2291 965 2368 interdum
998 2291 1261 2395 subquinque-
1378 2307 1379 2346 ³

196 2407 378 2511 angulari.
406 2410 528 2488 Pedes
540 2411 770 2503 dilute-rufi,
785 2411 1087 2488 trochanteribus
1099 2427 1140 2488 et
1152 2411 1258 2486 coxis

196 2528 330 2632 nigris,
358 2528 496 2632 postici
516 2531 625 2608 tersis
652 2532 788 2623 fuscis,
817 2532 979 2608 articulo
1002 2542 1020 2612 1
1042 2530 1153 2606 basin
1174 2556 1262 2607 ver·-

197 2668 260 2720 sus
273 2647 376 2738 rufe,
404 2647 509 2724 tibiis
532 2650 640 2753 apice
660 2669 700 2730 et
721 2679 863 2730 summa
877 2651 958 2728 basi
974 2650 1108 2753 nigris,
1135 2648 1259 2726 femo-

197 2765 302 2842 ribus
330 2767 527 2869 genicu10,
554 2785 597 2846 ut
616 2774 824 2875 plurimum
850 2797 1001 2875 quoque
1025 2771 1146 2846 latere
1172 2783 1260 2846 toto

196 2909 345 2988 supero,
361 2887 488 2964 fuscis.
523 2891 725 2971 Abdomen
741 2901 972 2996 segmentoz
987 2891 1106 2993 apice,
1121 2900 1145 2969 3
1159 2905 1255 2982 toto,

194 3005 285 3079 rufis
300 3021 365 3081 aut
377 3011 559 3088 castaneis
574 3029 639 3088 aut
651 3013 784 3089 badiis.
832 3015 1003 3092 Aculeus
1016 3009 1258 3112 longitudine

193 3125 349 3226 quartae
368 3141 434 3204 aut
453 3131 608 3231 quintae
627 3131 744 3235 partis
760 3131 990 3221 abdominis,
1018 3131 1257 3207 subsutsum·

192 3262 386 3339 curvatus,
414 3250 560 3351 apicem
575 3278 702 3328 versus
717 3253 888 3328 crassior.

268 3367 478 3443 Nonnullas
496 3369 573 3472 legi
595 3370 771 3464 feminas,
799 3373 1126 3474 menseAugustO,
1153 3370 1254 3446 circe

192 3483 390 3567 Gudocom
405 3487 446 3564 in
460 3489 690 3567 umbellatis.

602 3708 840 3788 Varietes:

268 3851 300 3924 1.
329 3845 554 3926 FemorIbus
579 3855 740 3952 posticis
765 3855 879 3938 totis,
906 3847 1041 3929 mediis
1062 3848 1167 3940 hosi,
1193 3855 1252 3926 ni-

185 3967 280 4062 gris.
307 3962 334 4040 f.
362 4009 414 4024 -
440 3969 661 4070 Longitudo
685 3961 750 4064 37,
774 3967 972 4046 linearum.
1028 3973 1157 4074 Caput
1181 3995 1250 4050 ore
