2776 4628
673 212 840 264 oraton

299 612 429 711 Caput
441 621 693 684 transversum
706 606 832 684 breve.
860 647 913 664 —
939 609 1055 684 Oculi
1067 607 1208 684 orales.
1236 649 1294 664 —

222 732 426 809 Antennue
458 741 655 830 porrectae
686 728 851 830 graciles
885 727 1101 817 filtrormes,
1137 726 1292 801 dimidii

222 851 392 951 corporis
413 849 667 950 longitudine,
694 865 759 924 aut
779 846 982 924 breviores.
1010 891 1063 904 —-
1087 851 1149 922 De
1170 845 1293 921 biset

219 969 398 1072 portibus
418 977 499 1045 oris
512 969 610 1045 Nees
632 968 678 1043 ab
692 967 887 1044 Esenbeck
907 966 1027 1043 fusius
1047 966 1227 1043 disseruit
1248 965 1293 1040 in

221 1107 309 1165 nota
333 1091 379 1166 ad
403 1089 550 1166 unicam
576 1089 691 1190 hujus
713 1088 880 1166 familiae
899 1088 1078 1198 speciem.
1105 1131 1159 1146 -
1184 1083 1292 1162 Tlro-

221 1237 302 1286 rax
314 1209 466 1311 gibbus,
492 1209 644 1314 punctis
659 1209 853 1312 impressis
867 1209 1128 1284 crassiusculis
1142 1207 1288 1284 scaber.

221 1374 274 1390 -
303 1332 518 1408 Scutellum
551 1329 852 1433 subtricngulare
884 1343 950 1404 aut
978 1325 1291 1430 subquadrangu-

221 1449 319 1539 lare,
354 1450 701 1528 conveniusculum.
742 1492 795 1510 --
831 1451 936 1528 Alae
966 1474 1123 1551 parvae;
1158 1447 1291 1524 areola

220 1569 347 1659 nulla,
382 1570 523 1647 cellula
551 1569 732 1678 interiore
762 1594 898 1650 nervos
924 1570 1019 1650 duos
1046 1583 1289 1650 recurrentes

219 1689 445 1792 excipiente.
472 1733 526 1751 -·
550 1691 673 1769 Pedes
691 1689 901 1766 mediocres
923 1690 1152 1792 elongatuli3
1178 1687 1290 1766 tibiis
1379 1765 1380 1778 ,

220 1808 354 1908 anticis
395 1810 558 1892 feminae
595 1809 832 1888 brevioribus
865 1825 905 1888 et
936 1810 1139 1905 latioribus
1171 1835 1290 1914 quam
1379 1803 1380 1808 ’

216 1933 323 2004 mari.
351 1972 404 1988 --
428 1930 630 2010 Abdomen
646 1930 872 2033 petiolatum
888 1931 997 2007 laeve
1018 1931 1180 2006 nitidum
1200 1955 1290 2032 gra-

217 2048 312 2137 cile3
347 2049 500 2127 thorace
528 2049 650 2126 multo
682 2051 874 2153 angustius
903 2065 943 2126 et
970 2050 1089 2153 triplo
1117 2050 1286 2151 longius,

216 2168 364 2271 apicem
378 2195 506 2246 versus
527 2170 665 2246 sensim
682 2195 955 2272 compressum,
983 2197 1004 2244 a
1025 2173 1143 2247 latere
1159 2171 1288 2254 visum

216 2290 421 2378 clavatumj.
450 2291 651 2394 segmentis
677 2297 790 2368 1-3
810 2288 1045 2393 longioribus
1072 2288 1282 2392 gracilibus

213 2407 489 2501 teretiusculis,
519 2419 539 2490 1
569 2408 792 2497 sublineari,
819 2409 1029 2486 tuberculis
1056 2408 1282 2485 lateralibus

216 2527 411 2619 obsoletis,
427 2529 705 2606 intermedium
722 2541 761 2604 et
774 2529 921 2631 apicem
936 2529 1029 2614 sitis.
1046 2572 1099 2590 -··
1110 2531 1285 2612 Aculeus

216 2664 404 2739 exsertus,
432 2649 642 2732 abdominis
669 2648 783 2731 tertia
810 2665 876 2726 aut
903 2650 983 2727 fere
1013 2664 1146 2753 quarta
1170 2663 1283 2752 parte

214 2767 378 2850 brevior.

290 2890 352 2964 De
372 2887 621 2968 relationibus
648 2887 762 2991 hujus
782 2884 948 2963 familiae
975 2885 1022 2962 ad
1044 2891 1281 2992 Crypturos,

211 3008 469 3111 Mesoleptos,
495 3007 722 3100 Hemiteles,
748 3012 921 3098 Arocas,
946 3009 1145 3101 Paniscus,
1170 3012 1282 3088 Ano-

213 3130 342 3217 mulu,
368 3129 562 3232 Ophiones
583 3145 621 3206 et
640 3133 823 3219 Macros,
849 3127 942 3204 haec
962 3130 1167 3230 subgenera
1186 3155 1280 3206 con-

212 3248 322 3331 seras.
353 3291 406 3306 -
431 3249 655 3349 Hellwigiu,
682 3257 797 3352 quae,
811 3263 995 3330 structura
1012 3250 1165 3340 alarum,
1187 3275 1279 3352 pro-

211 3366 297 3468 pius
315 3367 361 3442 ad
376 3367 635 3472 Trachynotos
651 3370 814 3460 accedit,
843 3385 1009 3445 attamen
1030 3367 1163 3444 habitu
1180 3385 1276 3460 tot0,

209 3485 364 3562 thorace
387 3487 503 3579 laevi,
531 3488 735 3593 praecipue
759 3504 885 3572 autem
906 3490 1078 3570 antennis
1093 3491 1276 3572 incrassa·

209 3607 277 3696 tis,
303 3607 400 3694 bene
423 3608 681 3712 distinguitur.

574 3861 926 3875 m
