2726 4634
170 220 244 296 324
619 228 777 278 anesus

170 401 287 478 rarius
301 397 383 475 basi
399 396 515 500 nigra.
561 394 729 472 Femoru
739 391 964 496 plerumque
977 390 1107 470 subtus
1122 392 1232 473 basin

168 547 295 601 versus
308 519 414 622 nigra
433 533 498 592 aut
511 513 773 591 susccscentia.
820 513 1022 592 Abdomen
1037 531 1233 615 segmento

166 653 193 722 2
212 643 435 744 plerumque
458 635 625 738 margine
647 631 751 723 ruf03
780 641 804 714 3
826 634 1012 738 margine,
1040 633 1232 711 interdum

167 785 319 865 quoque
334 757 480 859 angulis
493 757 626 832 baseos
642 778 709 830 seu
722 753 803 830 basi
817 769 909 844 tota,
930 755 1040 842 rufis;
1068 757 1092 831 4
1107 755 1230 830 rarius

166 880 333 981 margine
342 875 441 953 rufe.
463 919 517 936 -
537 877 695 953 Caetera
706 874 873 951 maribus
887 871 1060 978 genuinis
1073 897 1232 990 respon·

167 1001 270 1076 dent.
297 1015 371 1056 -'

221 1116 442 1194 ¹Indiuidua
470 1115 653 1218 quaedam
679 1115 757 1218 legi
784 1113 924 1219 passim
953 1111 994 1189 in
1019 1111 1164 1192 Silcsiu
1188 1127 1230 1194 et

164 1240 264 1316 circa
292 1238 519 1340 Trajectum
542 1236 598 1314 cd
620 1237 663 1316 V
660 1236 832 1326 icarum,
859 1232 1049 1310 mensibus
1077 1234 1231 1310 Iulii-

165 1355 359 1447 Octobris,
385 1355 550 1458 plurima
566 1355 606 1430 in
618 1354 826 1445 fruticetis,
853 1380 974 1456 pauca
987 1352 1027 1428 in
1041 1355 1227 1455 gramine;

164 1477 257 1566 alia,
290 1476 390 1552 circa
415 1473 738 1566 Sickershuusen,
770 1475 965 1564 Genuum,
996 1477 1228 1569 Taurinum,

162 1594 338 1686 Abccm,
363 1595 526 1699 Netlcy,
551 1593 667 1685 lecta,
694 1593 741 1670 ad
761 1621 822 1672 me
842 1610 931 1672 sunt
947 1593 1174 1674 transmissa.

238 1767 274 1846 5.
301 1763 519 1844 Abdomine
533 1767 697 1866 cingulis
711 1763 1105 1858 duodusstrnmineis,
1118 1766 1226 1870 pedi-

162 1886 233 1963 tus
266 1892 426 1988 posticis
446 1886 786 1986 suscomcculctis.
821 1913 870 1963 m.
910 1930 963 1945 ·--
999 1887 1225 1988 longitudo

160 2006 395 2084 21inearum.
450 2005 618 2081 Thorax
633 2019 760 2079 sutura
784 2021 871 2083 ante
885 2005 978 2097 alas,
1003 2004 1224 2110 lineolaque

160 2125 256 2202 infra
279 2127 370 2216 alas,
398 2122 515 2200 flavis.
571 2123 693 2201 Pedes
714 2123 918 2199 anteriores
941 2123 1221 2226 pallide-flavi3

160 2246 298 2349 postici
313 2243 416 2322 coxis
431 2259 470 2320 et
483 2241 786 2318 trochanteribus
807 2241 1075 2345 pallidcflavis‚
1101 2248 1223 2328 ferno-

158 2366 262 2441 ribus
289 2367 399 2454 rufis,
428 2379 582 2439 externe
611 2362 926 2454 fuscescentibus‚
960 2365 1066 2442 basin
1090 2395 1220 2446 versus

159 2483 460 2573 obscurioribus,
487 2482 593 2557 tibiis
617 2482 755 2585 piceis,
782 2483 861 2558 basi
890 2483 1072 2589 apiceque
1091 2486 1219 2580 fuscis,

156 2603 264 2678 tarsis
279 2601 412 2706 piceis.
464 2601 667 2681 Addomen
682 2603 883 2706 segmentis
902 2613 927 2683 2
949 2620 989 2680 et
1009 2615 1033 2686 3
1053 2607 1220 2712 margine

157 2723 380 2798 stramineis.
984 2733 988 2744 '

233 2840 475 2918 Individunm
492 2841 644 2918 unicum
657 2842 770 2947 Hcpe
783 2843 888 2948 cepit
901 2843 1001 2922 circa
1013 2845 1165 2952 Netley.

357 3016 493 3092 Nota:

231 3153 292 3226 De
307 3149 491 3227 affinitate
508 3149 622 3251 hujus
644 3151 784 3254 speciei
800 3168 839 3230 et
852 3155 1108 3230 antecedentis
1125 3181 1218 3232 con-

152 3270 249 3346 seras
265 3287 361 3372 quae
378 3269 417 3344 in
433 3285 539 3360 nota,
566 3272 803 3348 antecedenti
826 3272 1042 3375 subjuncta,
1070 3276 1213 3353 monui.

152 3385 351 3464 Indiuidua
367 3390 559 3466 varietatis
577 3401 596 3470 1
612 3403 651 3468 et
664 3400 705 3480 4,
733 3392 1035 3470 trochant'eribus
1056 3395 1215 3498 posticis

151 3505 232 3581 basi
252 3506 432 3612 conisque
455 3510 613 3611 posticis
634 3509 768 3614 nigris,
796 3511 1037 3615 adsestinum
1055 3516 1215 3619 propius

151 3627 347 3706 accedunt.

228 3747 329 3825 Nece
340 3745 390 3824 ab
404 3745 597 3828 Esenbcck
610 3751 736 3855 primo
756 3751 853 3829 banc
871 3753 1036 3857 speciem
1048 3753 1094 3829 ab
1107 3770 1214 3832 ante·

149 3864 309 3944 cedente
323 3869 542 3970 segregavit,
567 3887 607 3948 et
618 3873 839 3950 varietatem
853 3873 936 3976 ejus
950 3873 1121 3976 primam,
1142 3875 1212 3952 sub

150 3985 302 4064 nomine
314 3990 524 4070 calcatoria
538 4017 686 4071 mecum
702 3995 1004 4072 communicarit.
