2736 4630
233 203 310 277 40ss
440 219 455 260 .·
679 205 1003 264 cruror
1091 261 1096 268 .

228 383 336 460 terma
363 379 520 486 posticis
546 377 678 464 lusus,
705 371 959 454 anterioribus
986 377 1212 456 stramineis.
1239 391 1294 438 .·..

229 507 387 582 Caetera
402 502 502 578 sient
515 499 555 580 in
568 493 907 598 leminisplurimis
922 496 1110 596 genuinis.

236 665 242 676 -
306 622 480 699 Feminae
514 619 606 696 duas
630 621 876 696 taurinenses
908 642 935 692 o
967 615 1106 694 Steven
1141 643 1290 695 mecum

228 740 532 824 communicavit.

426 921 578 1038 Notaz'

302 1099 384 1176 Mas
413 1098 710 1203 pedemontanus
738 1092 929 1172 varietatis
951 1100 975 1177 4
997 1092 1164 1172 medium
1182 1110 1291 1174 tenet

225 1221 325 1296 inter
344 1219 441 1294 hanc
463 1216 628 1319 speciem
648 1229 688 1291 et
701 1229 928 1294 erratorem.
982 1215 1162 1293 Feminae
1185 1216 1290 1318 ejus-

224 1341 309 1416 dem
323 1337 514 1414 varietatis
530 1349 667 1424 autem,
682 1333 876 1410 socialiter
890 1333 1162 1437 cumpluribus
1177 1335 1290 1414 lemi-

224 1459 282 1534 nis
313 1459 562 1560 clrrysosticti
589 1455 775 1545 viventes,
807 1469 956 1556 captae,
985 1453 1289 1558 chrysostictum

224 1593 263 1655 et
279 1580 461 1683 mojalem
474 1575 516 1653 in
530 1602 642 1654 unam
656 1576 821 1680 speciem
834 1573 994 1678 jungere
1004 1573 1194 1653 ridentur.

528 1971 561 2040 s.
603 1963 642 2032 c.
665 1961 897 2056 sommus.
939 1985 1018 2042 n.-

423 2135 565 2202 Pedibus
582 2134 677 2215 rufis3
701 2134 791 2200 coxis
809 2135 929 2222 nigris,
953 2123 1070 2198 ontiois
1090 2133 1205 2199 subtus
1222 2129 1285 2200 lla-

421 2237 621 2319 vicantibus3
647 2235 736 2300 tibiis
758 2233 895 2324 posticis
919 2235 1011 2322 apice
1033 2245 1068 2298 et
1089 2247 1164 2301 ante
1185 2237 1284 2303 basin
1355 2233 1356 2236 ¹

420 2339 538 2421 fuscis3
562 2337 737 2407 mellanc.
757 2337 782 2402 f.
806 2331 936 2418 (aculeo
952 2333 1163 2424 longitudine
1175 2339 1286 2406 abdo-

420 2441 550 2524 minis).
614 2460 620 2468 '

294 2647 463 2752 Statura
486 2660 525 2722 et
544 2645 744 2749 proportio
763 2643 929 2748 partium
948 2643 1111 2721 sentinae
1132 2660 1284 2723 antece·
1353 2689 1354 2757 r

219 2765 359 2855 dentis,
388 2767 453 2840 sed
472 2767 606 2840 aculeo
626 2765 818 2868 longiore,
843 2780 1037 2867 segmento
1055 2765 1178 2868 primo
1199 2769 1284 2869 api-

219 2913 300 2960 cem
317 2913 446 2960 versus
460 2885 596 2960 sensim
612 2885 788 2976 dilatato,
815 2900 923 2988 parte
937 2883 1020 2989 ejus
1042 2885 1165 2978 antica
1179 2885 1282 2964 haud
1352 2917 1353 2987 r

218 3004 507 3093 tumidiuscula,
536 3029 608 3104 qua
622 3002 738 3106 hujus
762 3005 947 3104 segmenti
962 3005 1082 3080 lomna
1095 3007 1282 3088 sordidus

218 3152 371 3229 quoque
396 3151 431 3202 ,a
469 3122 628 3225 reliquis
667 3124 914 3226 cospeciebus
955 3122 1069 3227 hujus
1091 3123 1279 3204 'lentiliae
1351 3149 1352 3215 l

217 3247 357 3322 differt.

291 3363 685 3465 Longitndoss--llss³
708 3362 904 3440 linearum.
954 3365 1084 3468 Caput
1096 3364 1220 3468 pulpis
1236 3380 1280 3442 et
1350 3373 1351 3445 l

212 3485 517 3561 mandibularum
549 3482 676 3560 medio
707 3482 823 3559 flavis.
881 3484 1086 3562 Antennoe
1116 3509 1277 3586 corpore

213 3604 425 3698 breviores,
452 3601 666 3702 lilisormes3
693 3601 855 3678 articulo
887 3610 907 3681 1
936 3583 1066 3678 subtus
1086 3603 1276 3679 interdum
1349 3631 1350 3672 r

215 3723 442 3826 ferrugineo.
497 3723 666 3800 Thorax
683 3721 873 3823 gibbulus.
927 3724 1276 3801 Alnesublumato·
1348 3789 1349 3808 2

213 3841 389 3944 hyalinae
416 3856 481 3918 aut
512 3842 706 3945 hyalinae,
740 3841 913 3943 stigmate
939 3843 1052 3946 piceo
1084 3858 1149 3918 aut
1180 3858 1275 3918 stra·
1348 3817 1349 3903 l

173 4029 176 4042 .
203 3961 356 4051 mineo,
384 3961 490 4038 radio
518 3961 644 4054 lusco,
671 3960 797 4038 radice
826 3975 865 4038 et
893 3962 1087 4066 squamula
1113 3961 1274 4068 pallide·

1343 4405 1346 4601 l
