2726 4634
479 193 673 248 ramrurs
698 179 727 243 1.
1059 186 1132 259 331

70 365 230 472 punctis
257 359 379 468 tribus
411 358 480 440 sub
503 357 685 450 scutello,
712 357 901 436 interdum
929 363 969 438 in
996 362 1137 444 lineum

69 483 364 566 tmnsversalem
403 479 697 569 confluentibus,
735 481 985 560 exterioribus
1017 485 1137 566 rarius

69 605 231 684 omuino
245 601 520 690 deficientibus,
546 596 812 683 metatboracis
827 602 974 678 macula
987 605 1138 686 laterali

72 744 114 806 et
126 724 282 832 punctis
298 749 365 800 seu
376 720 534 798 maculis
548 721 694 798 duobus
709 733 795 798 ante
807 721 1004 824 petiolum,
1022 727 1139 804 inter-

71 849 166 924 dum
196 844 237 920 in
260 843 448 924 maculam
481 867 594 919 unam
626 862 795 942 maguam
821 841 1139 924 semicircularem

72 964 245 1054 coalitis,
274 961 396 1040 rarius
428 983 582 1065 quoque
612 976 741 1038 sutura
763 961 912 1041 laterali
940 963 1036 1042 infra
1061 968 1139 1046 alas

73 1085 260 1192 posticas,
289 1080 451 1164 etlineis
466 1081 610 1156 duabus
623 1081 834 1158 dorsalibus
853 1082 1141 1185 longitudinali-

74 1209 148 1286 bus
164 1201 413 1308 protboracia,
429 1199 553 1288 flavis,
567 1199 626 1278 his
640 1200 799 1304 picturis
814 1227 914 1278 nunc
927 1204 1141 1282 distinctio·

73 1328 183 1405 ribus
204 1351 305 1400 nunc
328 1320 642 1410 obsoletioribus,
669 1329 744 1396 bna
765 1321 930 1400 alterave
950 1323 1140 1404 interdum

73 1445 235 1524 omnino
248 1441 433 1532 extincta,
460 1440 681 1546 praesertim
701 1441 802 1520 linea
816 1442 965 1521 laterali
978 1471 1142 1548 perpen-s

74 1565 242 1644 diculnri
264 1577 330 1641 aut
344 1560 496 1664 punctis
509 1575 596 1640 ante
614 1560 803 1664 petiolum
821 1561 923 1640 baud
944 1591 1029 1642 rero
1048 1565 1141 1644 defi-

74 1685 281 1764 cientibus.
348 1682 564 1762 Scutellum
604 1683 760 1772 flavum,
799 1683 995 1788 plerisque
1034 1687 1143 1789 spine

73 1822 205 1886 erecta
221 1818 342 1892 scuta,
370 1801 560 1882 interdum
575 1801 695 1905 nigra,
722 1818 924 1895 armatum
950 1805 1144 1910 spinaista

74 1926 289 2032 praecipue
311 1921 476 2030 moribus
503 1921 759 2015 distinctione,
794 1922 880 2000 aliis
912 1925 1051 2002 sensim
1076 1927 1143 2004 de·

74 2061 292 2133 crescente,
326 2042 552 2144 tandemque
584 2041 740 2121 omnino
773 2044 987 2127 deficiente.
1039 2047 1144 2129 Aloe

75 2162 384 2268 fulvobynlinae3
412 2161 586 2264 stigmate
600 2162 705 2241 radio
720 2179 760 2242 et
773 2163 899 2242 radice
912 2165 1045 2256 fulvis,
1072 2168 1143 2246 hac

77 2287 272 2364 interdum
285 2283 391 2373 flava,
411 2282 726 2383 squamulaflava,
753 2284 881 2360 areola
894 2285 1031 2362 sessili.
1071 2288 1145 2366 Pe-

79 2407 150 2486 des
170 2403 276 2494 flavi,
303 2400 407 2477 coxis
428 2401 562 2478 enticis
589 2403 653 2481 vel
679 2401 796 2503 nigris
822 2403 915 2480 totis
944 2405 1008 2481 vel
1036 2405 1145 2508 apice

76 2525 206 2613 flavis,
233 2521 367 2598 mediis
394 2519 510 2624 nigris
537 2521 685 2597 macula
706 2523 821 2614 flava,
848 2523 1005 2628 posticis
1028 2523 1145 2628 nigris

77 2643 274 2722 interdum
294 2640 442 2722 macula
463 2643 576 2730 flava;
602 2640 906 2724 troebauteribus
919 2643 1146 2746 plerumque

77 2762 164 2840 bosi
180 2762 302 2864 nigra3
329 2759 537 2842 femoribus
550 2763 802 2842 anterioribus
821 2763 923 2840 linea
942 2763 1048 2866 nigra
1061 2763 1147 2842 lon·

79 2883 287 2988 gitudiuali
321 2883 362 2962 iu
393 2880 514 2962 latere
546 2883 790 2974 convexione,
825 2882 984 2987 posticis
1017 2883 1145 2985 nigris,

80 3029 248 3106 superne
265 3000 491 3104 plerumque
510 3000 625 3078 fulvis
646 3018 712 3078 aut
725 3003 816 3078 rufis
831 3018 897 3079 aut
911 3001 1146 3104 ferrugineis,

80 3121 193 3227 apice
208 3135 248 3197 et
263 3144 405 3231 summa
424 3119 505 3194 basi
520 3121 645 3212 flavis3
670 3121 776 3198 tibiis
790 3122 898 3226 apice
909 3121 1146 3224 ferrugineis,

81 3240 336 3318 anterioribus
366 3237 555 3318 interdum
582 3239 674 3316 totis
698 3241 824 3334 flavis,
849 3242 959 3320 tarsis
985 3240 1148 3344 ferrugi-

82 3359 179 3438 neis.
232 3357 436 3439 Attamen
457 3359 621 3442 feminee
646 3362 756 3465 apice
774 3361 947 3440 obtusius
968 3376 1008 3442 ct
1023 3360 1147 3438 minus

82 3504 343 3584 compressum
367 3507 481 3584 quam
500 3480 612 3570 mari3
639 3483 841 3584 segmentis
867 3481 1042 3562 omuibus
1069 3480 1147 3558 late

81 3601 204 3676 flavo·
222 3597 341 3678 rarius
357 3599 738 3704 rubro-marginatis,
765 3601 912 3682 ultimis
923 3603 1149 3706 plerumque

81 3719 178 3798 totis
193 3719 312 3796 flavis.

71 3853 73 3856 ’
163 3841 235 3918 Par
251 3839 365 3942 hujus
385 3839 546 3946 speciei,
571 3840 672 3918 eirea
689 3843 1012 3947 Netleycsptum,
1039 3839 1151 3944 Hope

83 3962 134 4040 ed
145 3987 206 4040 me
219 3960 334 4038 misit.
387 3960 534 4038 Marem
550 3959 636 4063 cepi
650 3959 712 4040 die
728 3971 747 4045 1
764 3959 994 4066 Septembris
1013 3961 1054 4035 in
1067 3986 1149 4034 uru-
